2634 4680
214 280 347 377 ffli-
520 236 888 349 Ιτυοτοαι

121 479 152 534 p.
160 471 203 530 75.
212 443 267 520 λύς
287 445 320 511 δέ
339 428 533 529 μαλ’μεγύλάς
547 441 714 526 ἀμπέλους,
738 443 862 528 πλήρεις
875 444 1029 531 βοτρύων,
1052 445 1136 532 παρὰ
1148 447 1182 514 δὲ
1196 443 1254 534 τὴν

211 546 296 631 ρι’ζαν
310 543 436 628 ἑκάστης
448 543 566 631 ύνέρῤει
577 550 613 625 ⁸)
636 543 752 630 σταγιύν
765 550 854 611 οἷ’νου
873 552 1035 631 διαυγοῦς,
1059 547 1120 630 ἀφ’
1136 542 1179 615 ὧν
1194 552 1254 636 ἐγί-

209 676 277 717 νετο
296 644 333 732 1’)
357 647 373 714 ὃ
396 647 538 731 ποταμός.
569 641 609 729 ἦν
626 650 720 714 δὲκαὶ
742 652 832 730 ἰχθῦς
853 651 886 714 ἐν
905 647 985 738 αύτῷ
1006 649 1137 727 πολλούς
1159 657 1253 729 ἰδεῖν,

120 786 151 840 p.
159 732 284 839 yllfol'vtp
292 751 418 834 μάλιστα
429 753 479 816 καλ
490 749 545 832 τὴν
556 749 665 833 χροιάν
677 753 728 816 καλ
741 749 796 832 τὴν
810 757 911 835 γεῦσιν
923 751 1149 835 προςεοιιιύτας.
1165 749 1255 835 ἡμεῖς

210 862 287 941 γοῦν
301 849 497 937 ἀγρεύσαντες
511 849 609 917 αὐτῶν
621 879 715 930 τινας,
738 856 788 917 καὶ
801 846 1000 935 ἐμφαγόντες,
1023 854 1251 938 ἐμεθύσθημεν·

210 952 313 1039 οἷμέλει
327 960 357 1032 ⁶)
379 958 430 1020 καὶ
442 952 638 1036 ἀνατεμόντες
652 951 776 1031 αύτούς,
796 950 977 1035 εύρλσκομεν
987 955 1099 1041 τρυγὸς
1115 956 1253 1038 μεστούς.

209 1055 337 1142 ύστερον
348 1061 450 1141 μέντοι
464 1054 678 1136 ἐπινοήσαντες
694 1054 765 1131 τούς
777 1055 887 1129 ἄλλους
903 1059 1020 1136 ἰχθύς,.
1033 1056 1107 1134 τούς
1120 1052 1181 1126 inl
1194 1065 1253 1126 τού

209 1158 339 1238 ύόατος,
362 1154 599 1243 παραμιγνύντες
616 1151 671 1236 ⁶),
696 1153 895 1240 ἐκεράννυμεν
917 1154 950 1223 τύ
975 1158 1113 1243 σφοδρὰν
1132 1170 1186 1245 τῆς
1207 1165 1252 1227 αι’-

172 1267 361 1345 3νοφαγίας
374 1265 415 1338 ⁸).
438 1259 537 1347 stlte
559 1261 590 1324 δὲ
613 1258 666 1323 τὸν
687 1254 823 1338 ποταμὸν
842 1255 1027 1341 περάσαντες
1040 1254 1084 1339 ¹),
1105 1255 1251 1350 ᾗδιαβα-

207 1362 260 1440 τὰς
279 1355 335 1444 ἦν,
358 1359 485 1445 εύρομεν
507 1358 647 1444 ἀμπέλων
667 1365 767 1443 χρῆμα
792 1358 967 1441 τεράστιον·
995 1361 1030 1428 τὰ
1042 1364 1095 1446 μὲν
1110 1363 1168 1452 γάρ
1186 1361 1249 1433 dno*

207 1474 263 1548 τῆς
275 1473 346 1550 γῆς,
371 1460 388 1529 ὅ
404 1467 534 1546 στέλεχος
550 1458 643 1536 αύιός
656 1454 783 1542 εύερνης
798 1465 848 1526 καὶ
858 1459 976 1545 παχύς·
997 1461 1031 1530 τύ
1047 1459 1076 1531 δ’
1090 1464 1172 1545 ivo,
1195 1495 1249 1553 γυ-

207 1577 309 1644 ναῖκες
329 1560 424 1648 ἦσαν,
456 1562 529 1630 ὅσον
552 1567 585 1630 ἐκ
604 1569 664 1628 τῶν
682 1561 838 1647 λαγύνων,
867 1560 978 1631 ἅπαντ’
1000 1570 1123 1651 ἐγουσαι
1140 1570 1246 1635 τέλεια.

206 1667 352 1752 τοιαύτην
366 1663 440 1754 παρ’
458 1662 531 1748 ἡμῖν
544 1664 600 1747 τὴν
618 1663 752 1747 Δάφνην
768 1663 941 1751 γράφουσιν
957 1663 1024 1753 ύρτι
1036 1667 1248 1736 τούἈιιύλλω-

278 1859 342 1910 λίνα.
386 1856 418 1924 ει)
438 1853 600 1925 οἲυέρρει]
621 1851 734 1924 οἶτιέρρει
748 1872 825 1924 3⁰¹1·
841 1858 923 1911 Gorl.
939 1859 1026 1912 Schm.
1078 1858 1113 1923 b)
1133 1857 1245 1927 ἐγίνε-

276 1930 334 1994 το]
353 1923 454 1995 ἐγένετο
468 1943 547 1993 3⁰¹¹·
592 1930 623 1993 c)
643 1920 790 1993 ἀμέλει]
809 1927 885 1994 quod
907 1929 935 1978 in
949 1928 1000 1981 Ed.
1017 1929 1106 1979 Reirz.
1120 1929 1154 1979 ad
1169 1938 1247 1981 ante·

276 1997 405 2049 cedentia
419 1996 606 2062 referebatur,
624 1997 687 2046 colo
711 1997 824 2063 quidem
836 2004 900 2065 post
916 1991 1010 2063 ύμέλει
1029 1997 1139 2065 posito,
1158 2014 1245 2064 nuno,

275 2075 411 2117 monente
430 2065 540 2130 Boline,
560 2074 586 2114 et
599 2073 748 2116 attestante
761 2063 829 2116 Cod.
843 2083 933 2132 ὅσια,
953 2068 1043 2133 εΒίμ.
1058 2074 1088 2117 ct
1100 2068 1187 2121 seim.
1200 2084 1246 2119 rc-

273 2134 363 2186 latum
388 2142 430 2184 est
450 2131 485 2184 sd
505 2133 665 2199 sequentia,
683 2134 746 2184 colo
767 2143 833 2184 ante
852 2133 944 2200 ipsum
964 2134 1112 2195 translato,
1148 2136 1185 2188 Et
1203 2137 1245 2188 sic

274 2206 333 2270 jam
352 2203 381 2252 in
395 2202 459 2254 Alo.
476 2218 500 2253 α.
514 2201 705 2269 interpunctio
729 2203 868 2269 reperitur
887 2204 1024 2255 instituta.
1079 2204 1115 2271 d)
1134 2223 1245 2275 reupo-

274 2268 493 2340 μιγνύντες]
512 2269 572 2336 Sic,
592 2278 675 2322 acuta
694 2270 866 2340 penultima,
884 2273 1079 2342 rescripsimus
1096 2289 1195 2326 vocem
1208 2275 1245 2327 ad

295 2351 454 2408 raeceptum
475 2339 614 2404 Scltoeferi
632 2339 667 2389 ad
682 2342 791 2408 Gregor.
811 2343 867 2390 Cor.
882 2360 909 2410 p.
927 2351 986 2409 284.
1006 2351 1033 2394 et
1053 2341 1089 2392 ad
1103 2346 1241 2412 Aristoplt.

272 2361 348 2461 glut,
365 2427 392 2476 p.
408 2421 469 2474 505.
506 2407 549 2457 Cf.
563 2411 635 2456 Idem
649 2410 683 2460 ad
700 2412 796 2474 Aesop.
810 2408 884 2464 Edit.
902 2415 1033 2480 Heusing.
1046 2411 1123 2479 Lips.
1138 2430 1165 2480 p.
1182 2430 1240 2482 ευρ.

211 2492 213 2502 ’
271 2479 364 2545 Vulgo
378 2479 453 2529 enim
466 2477 571 2528 lectum
585 2486 644 2528 crat
662 2480 891 2546 παραμιγνύντες.
944 2486 977 2544 ε)
997 2480 1239 2552 οἰνοφαγίας]

274 2548 453 2615 οἰνοφλυγίας
475 2559 550 2614 2954.
577 2547 651 2614 quod
672 2547 782 2598 Belinus
800 2566 854 2600 nou
873 2559 992 2616 temere,
1012 2548 1114 2611 credo,
1134 2550 1243 2618 praefe-

273 2617 393 2668 rendum
424 2615 537 2680 judicat.
589 2615 619 2676 f)
645 2612 887 2685 περάσαντες]
918 2614 1135 2687 διαπεράσαντες
1161 2637 1238 2688 2954.

273 2703 351 2752 5⁰¹¹·
369 2686 450 2736 Gorl.
463 2685 552 2754 quod,
570 2697 701 2737 mouente
715 2686 826 2751 Belum,
843 2688 948 2753 recepit
964 2691 1049 2739 Sclm.
1087 2690 1121 2739 At
1135 2699 1163 2741 et
1176 2689 1239 2741 vul·

272 2763 338 2822 gata
350 2755 424 2806 bcne
445 2755 543 2809 habet.
562 2763 589 2805 et
601 2750 649 2807 διαὶ
662 2755 745 2806 facile
760 2757 845 2809 verbo
865 2756 983 2829 praefigi
1002 2775 1019 2811 α
1033 2756 1151 2810 librario
1170 2756 1238 2811 doo-

272 2822 391 2877 utitaute
404 2824 499 2893 potuit
511 2824 547 2876 ob
559 2839 676 2893 sequens
691 2822 832 2897 διαβατός.

198 2906 208 2953 l

199 3001 265 3064 lius
282 3003 404 3060 nullum
421 2996 535 3078 reperi,
548 2995 602 3058 sed
619 3005 698 3060 mul·
741 3022 811 3062 nos.
823 2999 952 3061 Deinde
967 3022 1042 3064 vero
1057 2999 1138 3061 illud
1153 3023 1240 3064 com·

201 3102 251 3146 tas
268 3099 299 3145 et
314 3104 444 3167 magnas
460 3084 553 3153 vites,
565 3103 697 3143 uvarum
741 3087 841 3146 menti
855 3106 981 3160 sumus,
1004 3101 1042 3144 ut
1056 3085 1128 3146 aliis
1140 3085 1181 3147 do
1196 3108 1239 3149 a-

199 3176 320 3252 plenas.
375 3167 425 3226 Ad
458 3164 595 3226 radicem
636 3189 700 3228 ve-
742 3190 803 3250 qua
824 3168 968 3249 piscibus
985 3169 1136 3229 admixtis
1152 3184 1239 3233 tem-

199 3277 238 3314 so
269 3255 521 3333 uniuscujusque
546 3253 697 3331 guttatim
741 3274 937 3332 pararemus,
961 3255 1048 3334 quod
1066 3257 1100 3312 in
1118 3255 1237 3316 vinoso

151 3358 154 3363 ·
201 3339 322 3400 fluebat
365 3338 477 3396 vinum
516 3333 695 3414 liquidum,
741 3337 815 3396 oibo
832 3337 965 3396 nimium
981 3354 1056 3404 crat.
1078 3341 1158 3397 Tum
1172 3355 1237 3400 tra·

201 3423 289 3484 unde
327 3421 537 3503 colligebatur
567 3416 696 3482 fluvius.
740 3425 825 3502 jecto
840 3419 985 3497 flumine,
1008 3422 1066 3484 ubi
1081 3419 1236 3485 undosum

201 3509 282 3567 Erat
311 3523 415 3567 autem
441 3504 544 3584 pisces
569 3523 697 3584 quoque
741 3520 807 3581 est,
830 3578 833 3585 1
860 3506 1081 3588 prodigiosum
1117 3507 1238 3575 vitium

201 3590 566 3658 ineovidercmultos‚
601 3588 697 3667 vino,
741 3611 842 3674 genus
856 3591 1050 3654 invenimus.
1095 3590 1191 3672 Quod
1204 3613 1239 3653 o.

202 3689 358 3756 quantum
379 3672 417 3733 ad
439 3677 577 3733 colorem
593 3688 624 3734 et
640 3695 702 3756 gio,
741 3675 806 3734 nim
834 3689 934 3736 terrac
964 3676 1133 3736 continens
1164 3691 1236 3754 est,

200 3773 303 3835 stum,
341 3759 468 3822 similes.
522 3758 590 3818 Nos
611 3759 696 3817 cuim
739 3772 871 3820 truncus
885 3759 953 3840 ipsc
969 3759 1083 3818 viridis
1101 3773 1133 3819 et
1147 3781 1239 3820 oras.

202 3858 313 3922 captos
341 3865 450 3902 corum
478 3840 602 3924 aliquot
625 3864 696 3902 oum
740 3865 808 3904 sus:
833 3844 978 3923 superius
995 3857 1098 3905 autem
1113 3846 1256 3929 mulie*

202 3925 457 4003 devorassemus,
481 3928 631 3986 inebriati
644 3934 695 3986 su·
739 3949 787 3988 res
815 3940 922 4000 orarit,
958 3927 996 3987 ab
1030 3927 1127 3987 ilibus
1158 3929 1238 3993 iude

200 4031 288 4069 mus:
312 4011 389 4092 quin
406 4024 436 4068 et
454 4027 591 4071 resectos
606 4012 696 4071 inve.
738 4012 876 4072 membra
891 4013 998 4070 omnia
1013 4013 1155 4093 persocta
1171 4012 1239 4075 ha-

200 4095 309 4154 nimus
321 4095 411 4155 facco
428 4115 464 4154 so
478 4095 617 4156 vinaceis
630 4100 697 4178 ple·
739 4095 865 4157 beatos:
910 4101 1004 4157 talem
1048 4096 1135 4180 apud
1172 4119 1235 4167 uos
