2634 4680
251 292 325 365 146
413 356 422 365 .

616 304 923 355 evolent

697 408 715 437 l
1050 430 1054 437 .

142 482 171 540 με
180 476 241 536 854.
250 456 318 526 όσοι
333 451 370 538 δή
383 456 430 533 ¹¹).
452 457 545 518 ταῦτα
562 445 579 516 ό
595 451 650 535 μέν
662 446 841 535 Ἁρμονίδης
855 446 913 516 osis
926 451 1011 534 έφθη
1024 454 1163 533 ποιῆσαι.
1193 474 1279 533 μεια-

250 560 286 639 ξδ
306 557 364 644 γὰρ
388 553 508 634 αόλοῖν,
531 574 641 637 φασιν,
664 551 713 620 ότι
734 560 889 638 τοπροὸιον
904 550 1081 639 ἠγωνίζετο,
1105 548 1281 634 φιλοτιμόιε

252 688 307 746 ρον
322 663 469 742 ἐμφυσῶν
478 703 488 735 ,
512 658 714 722 ἐναπέπνευσε
733 653 776 744 τρῖ
796 651 892 744 αὐλῷ,
915 659 967 721 καί
981 652 1198 738 όσιεφόνωτος
1211 656 1244 719 ἐν
1254 662 1283 741 τῇ

252 769 351 846 σκηνῇ
366 759 516 837 ἀπέθανε,
539 757 574 824 τό
596 756 671 824 adeo*
685 763 735 826 καὶ
754 768 876 844 πρῶτον
888 760 940 823 καὶ
954 756 1085 824 ὕστατον
1106 751 1282 838 αὖλησαςέν

212 873 232 934 3
251 866 438 938 Διονυσίοις.
478 859 515 926 ‘O
539 863 641 943 μέντοι
661 870 718 927 τοῦ
735 863 888 945 Τιμοθέου
902 858 990 944 λόγος
1005 856 1062 924 οὐκ
1077 862 1111 941 ⁰)
1135 855 1283 943 αιίληισῑς,

252 1066 344 1150 δόξης
365 1062 540 1152 όρέηονιαι,Ι
563 1063 710 1148 δημόσιόν
731 1091 759 1129 τι
780 1059 1033 1144 ἐπιδεικνόμενοι,
1055 1061 1218 1148 ποῦ’παρολ
1232 1070 1285 1130 τοῖν

247 1175 372 1235 πολλοῖν
390 1171 514 1234 ἐπαίνου
529 1166 676 1252 δεόμενοι.
698 1163 786 1252 ἔγωγ’
804 1159 860 1231 οὖν
875 1165 964 1231 όπόιε
976 1169 1025 1231 καί
1040 1161 1135 1242 αυίός
1148 1164 1287 1234 ἐνενόουν
1316 1205 1317 1234 ι

829 1268 844 1291 ,Ι

252 1270 290 1337 ‘cri
305 1269 396 1355 όμοια
412 1273 550 1355 περὶτῶν
566 1273 707 1353 ἐμαυτοῦ,
729 1274 920 1352 καὶέζητουν
934 1268 1017 1344 diros
1032 1263 1070 1333 dv
1081 1264 1206 1350 τάχιστα
1217 1294 1286 1355 yvo·

232 1352 362 1456 'nostor
377 1373 467 1450 πᾶσι,
490 1366 533 1458 τῷ
557 1375 708 1455 Τιμοθέου
725 1373 803 1460 λόγῳ
819 1367 979 1453 ἑπόμενος,
1003 1366 1200 1454 ἐσκοπούμην
1216 1370 1287 1449 dens

255 1473 377 1560 όρισιος
397 1479 443 1559 εἴη
458 1482 519 1540 τῶν
540 1476 573 1540 ἐν
596 1482 636 1561 τῇ
654 1475 758 1554 πόλει,
780 1477 836 1557 καίΙ
853 1472 912 1561 drus
932 1469 1129 1539 πιοιεόονσιν
1150 1477 1183 1539 οί
1196 1470 1285 1551 ἄλλοι,

148 1579 306 1658 μ.855.καλ
320 1573 355 1652 δς
369 1570 438 1642 οἶντὶ
458 1575 584 1642 πόντον
598 1572 749 1662 ἀρκέσειεν
764 1572 812 1640 όν.
841 1568 931 1650 οὗτος
946 1579 978 1650 ¹‘l
1001 1575 1033 1640 δέ
1047 1574 1106 1659 όρα
1124 1572 1162 1639 οδ
1176 1577 1286 1659 ἔμελλες

252 1673 326 1761 ἡμῖν
343 1680 509 1760 φαίνεσθαι
529 1684 573 1764 τῷ
588 1683 694 1760 δικαίῳ
716 1674 809 1762 λόγῳ,
833 1673 936 1761 όιιπερ
955 1676 988 1742 τό
1008 1673 1197 1758 κεφόλοῖιον,
1218 1676 1285 1769 ἆρον

253 1788 307 1862 της
322 1775 442 1861 ἇπόσης
466 1776 639 1866 όγνόμοιν,
664 1782 754 1862 φασί,
780 1781 832 1844 καλ
855 1777 872 1843 ό
893 1773 990 1862 ὄρθός
1007 1774 1286 1853 κανόντοῑντοιοίν
1315 1773 1317 1832 ί

254 1906 326 1947 των.
350 1887 378 1948 εί
387 1886 421 1948 δέ
435 1905 483 1947 σοι
496 1887 623 1966 δείξαιμι
636 1879 724 1966 ιολμοί,
747 1885 796 1947 καλ
812 1879 848 1947 od
863 1881 1046 1954 ἐπαινέσειας
1061 1874 1138 1945 oded
1152 1879 1220 1967 (εἴη
1234 1878 1284 1967 yde
1316 1931 1317 1936 ι

256 1981 335 2050 odeo
358 1980 554 2068 φανήσεσθαι
570 1987 626 2071 ‘¹))
648 1988 699 2052 καί
712 1984 750 2068 δὴ
765 1987 813 2050 ἐπὶ
831 1986 924 2066 πέρας
936 1979 1022 2065 ἥκειν
1038 2007 1077 2066 με
1091 1991 1148 2067 τῆς
1160 1986 1282 2061 ἐλπίδος,

291 2156 330 2219 ιι)
351 2149 415 2221 δή]
435 2156 502 2219 ,,δεῖ
518 2155 550 2205 L.
571 2148 607 2222 δὴ
625 2155 666 2206 Fl.
688 2156 712 2205 J.
729 2156 793 2206 Per.
807 2153 884 2205 etc.“
909 2130 911 2137 Ι
938 2159 973 2216 ο)
990 2151 1075 2221 ου’κ]
1096 2154 1208 2221 „Deest
1224 2148 1292 2209 lires
1316 2221 1317 2224 Ἴ

324 2223 466 2290 particula
480 2225 509 2272 in
518 2223 570 2274 Ed.
586 2223 627 2276 Fl.
640 2223 719 2274 ndest
730 2224 761 2274 in
775 2231 839 2273 cett.
854 2231 883 2273 et
894 2222 923 2272 iu
933 2224 985 2274 P.“
1020 2224 1058 2292 p)
1077 2217 1210 2293 οὗτος]
1226 2218 1286 2294 „od-
1316 2251 1317 2266 ι

322 2309 362 2343 τοι
380 2291 451 2341 Edd.
466 2309 535 2360 ques
552 2290 624 2358 vidi,
645 2308 749 2343 omnes.
787 2282 936 2352 δεδιότος
951 2294 1096 2344 recteL.“
1130 2303 1165 2362 q)
1183 2290 1277 2363 ‹pus'

327 2375 363 2412 σε
372 2362 479 2424 σθαι]
499 2356 691 2429 φαντάζεσθαι
704 2362 778 2428 conj.
791 2363 897 2430 sanger.
910 2376 1019 2414 merum
1033 2357 1197 2432 φάντασμα.
1232 2364 1265 2417 Vi

324 2429 440 2485 Adnott.

256 2572 471 2634 Harmonides
504 2573 654 2656 perficere
685 2596 752 2636 non

255 2657 375 2740 potuit.
419 2659 509 2720 Inter
522 2658 699 2741 canendum
714 2682 753 2720 e-

255 2742 343 2816 uim,
366 2758 506 2822 narrant,
529 2744 751 2827 cumprimum

258 2826 294 2886 in
331 2844 490 2889 certamen
530 2828 750 2909 descenderet,

155 2930 158 2934 ·
258 2914 441 2972 contentius
458 2935 531 2995 prae
545 2914 677 2975 honoris
691 2937 752 2974 cu-

256 2988 397 3077 pidita'te
419 2997 492 3057 dum
514 2997 622 3076 inflat,
647 3000 680 3058 in
696 3001 752 3082 ip-

257 3101 323 3139 sam
348 3082 440 3162 quasi
467 3082 578 3141 tibiam
602 3085 753 3165 exspira-

256 3165 323 3240 vit,
348 3180 379 3225 et
392 3166 461 3226 sine
476 3187 613 3226 coronae
629 3168 752 3229 honore

258 3246 293 3306 in
306 3247 510 3327 tabernaculo
526 3251 654 3333 (scena)
671 3273 751 3310 mor·

256 3345 333 3392 tuus
360 3347 423 3409 est,
455 3332 553 3393 eodem
580 3351 705 3418 tempore
726 3352 754 3394 et

255 3419 354 3498 pn‘mo
383 3435 411 3478 et
427 3415 534 3479 ultima
549 3416 611 3481 vice
630 3419 755 3480 canendi

257 3517 321 3560 arte
343 3529 412 3563 usus
432 3506 463 3562 in
482 3504 640 3587 Dionysiis.
683 3505 754 3563 Ve-

257 3604 327 3643 rum
356 3585 520 3648 Timothei
552 3589 607 3648 illa
630 3589 751 3666 oratio,

257 3687 323 3726 non
345 3670 536 3732 tibicinibus
550 3694 652 3757 neque
664 3676 754 3733 Her-

255 3753 382 3813 monidi
396 3761 498 3817 solum
512 3757 598 3819 dicta
610 3759 691 3819 mihi
704 3759 753 3818 vi.

258 3832 367 3914 detur,
399 3840 453 3901 sed
476 3843 530 3926 qui
546 3845 680 3927 gloriam
694 3843 753 3905 ed.

255 3938 403 3983 amarunt
418 3927 579 4005 omnibus,
604 3950 674 3989 cum
692 3952 752 4012 pu-

255 4001 375 4066 blisum
405 4009 557 4091 quiddam
593 4006 753 4095 proliten-

255 4099 325 4168 tur‚
350 4112 421 4154 cum
443 4096 592 4179 populari
608 4098 702 4162 leude
717 4121 751 4163 υ.

796 2595 857 2656 pus
894 2572 1022 2637 hebent.
1066 2576 1140 2659 Ego
1177 2574 1287 2663 igitur,

796 2680 866 2719 cum
892 2673 926 2719 et
949 2659 1020 2740 ipse
1049 2662 1228 2743 cogitarem
1254 2664 1288 2729 ds

794 2765 863 2805 mes
900 2743 1027 2803 ratione
1056 2745 1228 2827 similiter,
1246 2752 1288 2813 'et

793 2827 956 2913 quomodo
979 2830 1142 2891 celerrime
1168 2852 1288 2915 possen
1316 2883 1317 2890 ,

794 2913 996 2973 innotescere
1012 2914 1173 2994 omnibus,
1199 2940 1287 3003 quss-
1316 2959 1317 2966 ι

794 3020 912 3058 rerem:
937 2997 1100 3059 Timothei
1114 3020 1288 3067 sermonen

795 3097 941 3159 secutus,
966 3082 1198 3167 dispiciebsm'‚
1225 3090 1288 3175 quit

796 3167 829 3224 in
852 3166 911 3226 hac
933 3168 1012 3227 urbe
1027 3182 1108 3226 esset
1124 3188 1289 3251 praestan·

796 3250 962 3328 tissimus,
986 3252 1038 3313 cui
1055 3251 1150 3314 fidem
1175 3256 1288 3343 reliqui

796 3333 952 3411 habeant,
991 3337 1111 3420 quique
1140 3354 1230 3403 unns
1253 3342 1290 3405 sit

797 3419 899 3478 instar
917 3423 1069 3482 omnium.
1113 3420 1290 3513 Ille'igirur

797 3517 834 3562 tu
857 3503 950 3564 nobis
966 3505 1070 3566 videri
1085 3507 1136 3567 vir
1158 3506 1289 3575 debebis

795 3591 864 3670 jure
878 3590 1066 3672 meritoque,
1077 3590 1215 3656 virtutis
1232 3616 1288 3659 οιιι·

796 3673 856 3748 nis,
875 3672 1106 3757 quodquidem
1122 3674 1224 3759 ceput
1236 3692 1288 3755 etl,

797 3778 929 3833 norme,
954 3762 1063 3840 aj'unt,
1087 3775 1118 3821 et
1136 3760 1288 3827 rects'ts·

795 3843 874 3902 lium
896 3848 1015 3925 regula.
1068 3845 1103 3906 si
1128 3844 1288 3913 voro-slll

795 3949 864 3988 mea
886 3927 1110 4009 ostendissem,
1135 3944 1242 4017 tuqus
1258 3952 1287 3999 st

793 4012 965 4090 laudasses,
980 4011 1090 4095 (etque
1105 4016 1235 4079 utinam
1247 4020 1286 4079 in

794 4097 857 4159 tibi
879 4096 1074 4175 videaturt)
1103 4102 1236 4169 scilicet
1253 4098 1294 4183 sd*
