2634 4680
639 156 659 187 l

276 305 339 352 rr«
394 294 972 351 irrranxrernir.
1102 289 1177 363 703

74 454 133 516 dua
147 467 211 522 eat:
233 453 333 536 vulgo
352 454 453 523 male,
476 447 528 512 οιαὶ
542 446 688 550 παρέσχεν
705 440 922 528 οἷφορμήντοῦ
940 447 1044 525 φόνου
1059 449 1096 518 rai
1112 457 1174 534 ior,

71 543 124 603 καὶ
139 545 250 603 τοῦτον
269 530 381 612 inuti
404 531 500 615 νόμος
511 527 606 597 αὐτόν
621 530 889 606 οιννιιιολόζεσθαι..
924 536 1077 618 Sequitur
1091 561 1177 601 con..

71 625 166 683 tinuo
182 617 269 703 apud
282 620 443 692 Nostrum,
465 615 544 681 Eira
562 612 618 681 τόν
632 615 686 698 μὲν
708 611 807 690 οὕτως
826 609 1062 700 incrastinum,
1079 624 1175 690 ιιολά.

71 715 130 784 ζειν
147 701 190 781 oie
204 699 402 783 οἷνδροφόνον
413 700 523 779 ἆξιοῖς,
544 703 596 766 καὶ
611 697 754 781 οὐδαμοῖς
770 697 922 780 ἀφεῖσθαι
931 706 1041 780 θέλεις.
1073 707 1127 774 τόν
1140 712 1174 777 tt

67 789 145 856 κατὰ
162 788 216 855 τόν
232 785 327 853 αὐτόν
346 783 441 872 τούτῳ
463 783 578 870 τρόπον
595 777 630 850 eri
648 784 834 865 πεποιηκότα
846 784 909 868 τὴν
922 788 1011 854 πόλιν
1017 837 1028 864 ,
1053 788 1091 857 oti
1111 801 1173 860 τῶν

68 873 185 958 ὁμοίων
197 868 335 951 ἀξιώσεις
348 881 413 947 τοῖς
433 867 606 955 εὐεργέταις.
640 871 730 968 Haec
744 890 802 951 per
814 871 1099 961 interrogationem
1114 901 1173 961 pu.

67 976 103 1022 to
125 963 250 1043 prolata
273 966 357 1033 esse,
381 972 478 1041 atque
499 954 579 1017 adeo
603 957 671 1036 ejus
688 975 817 1038 tignum
837 955 871 1015 in
893 961 980 1017 calce
1000 962 1172 1044 utriusque

66 1045 195 1128 periodi
209 1043 395 1124 requiritur.
437 1039 619 1102 Secundum
632 1042 728 1123 leger,
755 1039 811 1118 ait,
834 1061 899 1101 non
919 1041 1015 1103 modo
1032 1047 1087 1130 qui
1100 1047 1171 1130 ipsa

67 1128 195 1190 caedem
225 1125 439 1208 perpetravit,
471 1125 624 1205 punitur,
656 1121 711 1184 aed
738 1138 770 1184 et
799 1125 853 1207 qui
876 1138 1041 1215 utcunque
1063 1132 1171 1195 caedi,

66 1229 179 1274 auctor
192 1212 270 1272 fuit.
313 1210 431 1291 Ergone
442 1234 517 1288 eum,
541 1207 688 1292 (pergit)
702 1211 813 1290 quiite
827 1210 934 1271 cecidit
947 1211 1085 1294 aliquem,
1105 1241 1172 1298 pu..

67 1303 129 1358 niri
143 1314 285 1380 tanquam
303 1295 486 1356 homicidam
499 1318 610 1369 censes,
634 1309 662 1352 et
677 1296 844 1377 neutiquam
861 1295 977 1356 absolvi
989 1297 1058 1361 vis?
1091 1301 1169 1370 Eum

66 1407 151 1459 vero,
176 1386 229 1465 qui
243 1383 314 1463 pori
335 1383 450 1441 ratione
465 1404 503 1440 ac
526 1377 579 1438 ille
599 1377 746 1456 (scilicet
767 1379 824 1458 qui
843 1380 970 1440 caedem
989 1384 1168 1468 commitit,

65 1469 144 1528 licet
161 1482 326 1546 utcunque
347 1464 448 1525 fuerit
470 1463 603 1543 auctor)
627 1462 696 1522 bene
708 1460 745 1521 rie
759 1466 877 1523 civitate
894 1469 1085 1544 meriritum,
1107 1494 1168 1533 non

65 1551 170 1611 iisdem
185 1550 307 1632 dignum
322 1549 466 1624 censebis,
489 1547 595 1630 quibua
611 1545 717 1628 dignos
732 1570 828 1608 censes
842 1548 1068 1615 benemeritos?
1088 1555 1166 1616 For.
1217 1563 1221 1569 '

65 1657 124 1695 san
147 1635 276 1715 scripsit
301 1653 429 1716 quoque
447 1634 556 1693 Noster
582 1627 814 1710 ἀποκτείναντα,
848 1654 914 1695 non
936 1627 1164 1706 incitativam.

66 1719 129 1781 Sed
145 1718 227 1781 illud
244 1717 321 1783 narni
336 1715 391 1782 τόν
408 1711 501 1782 micio
520 1714 618 1803 τούτῳ
634 1713 767 1799 τρόπον,
789 1717 905 1799 utique
919 1740 1029 1779 tanum
1045 1737 1077 1784 et
1091 1725 1166 1784 rin-

65 1827 171 1866 cerum
186 1817 251 1882 est,
274 1802 367 1863 acab
386 1801 534 1865 Mamilio
557 1801 691 1884 indigne
714 1802 934 1862 sollicitatum.
978 1806 1039 1865 Eat
1057 1811 1162 1886 enim,

64 1903 103 1950 ut
123 1890 343 1969 exposuimus,
361 1891 430 1968 pori
443 1889 557 1946 ratione
579 1890 682 1947 mereri
693 1889 855 1968 praemiicm
873 1887 1031 1950 censendus
1045 1909 1087 1952 ert
1101 1893 1161 1972 bic,

63 1999 123 2057 qua
136 1974 188 2035 ille
201 1977 273 2056 (qui
289 1973 390 2034 caedis
408 1971 619 2054 auctorfirit‚)
634 1995 698 2030 vere
713 1973 890 2032 commisisse
903 1972 1037 2053 caedem,
1061 1993 1088 2036 et
1097 2002 1164 2061 pu-

62 2058 186 2120 niendae
206 2084 280 2133 esse,
312 2055 471 2118 censendus
492 2070 553 2116 est:
580 2055 665 2133 aive,
695 2054 795 2116 cariem
819 2060 932 2117 ratione
957 2055 1006 2119 illi
1035 2065 1159 2140 rationi,

61 2169 152 2227 quam
163 2143 252 2205 morio
268 2146 430 2224 posuimus.
475 2138 630 2202 Sicorim
646 2136 962 2220 αὖτόςτινιάἰοὶιοο,
990 2145 1161 2228 quiplane
1223 2178 1226 2183 ·

61 2229 147 2291 idem
161 2229 220 2306 sit,
244 2250 281 2287 ac
295 2227 390 2293 alius.
422 2225 515 2289 Jan8.
1180 2244 1184 2257 ¹

142 2314 217 2396 Pag·
228 2319 300 2382 834.
317 2316 378 2379 1.2.
408 2309 499 2376 Maiia
512 2313 651 2390 δικαίοις)
678 2312 736 2379 Καὶ
750 2309 829 2395 μόλοι
842 2314 973 2389 δικαίως.
996 2315 1157 2381 Manem..

55 2399 133 2462 Non
155 2397 332 2480 improbem
351 2397 434 2458 illud
455 2399 505 2461 καὶ
528 2395 624 2478 periei,
646 2397 675 2458 ai
697 2403 805 2479 plures
828 2397 930 2462 codd.
953 2398 1158 2465 addicerentr

55 2506 130 2544 nam
150 2489 279 2566 vulgata
302 2482 520 2562 claudicabat3
544 2484 619 2565 quia
642 2498 856 2543 commeante
877 2481 1157 2566 piicexpresaum
1256 2548 1259 2557 ,

57 2582 143 2639 erat,
166 2567 254 2648 quod
273 2571 335 2644 jam
353 2567 512 2626 sublatum
529 2569 635 2627 minua
656 2566 795 2626 hiantem
815 2568 896 2627 facit
910 2569 1104 2631 orationem:
1126 2570 1157 2631 ti
1206 2617 1213 2627 .

57 2652 129 2734 quis
143 2666 248 2710 tamen
261 2650 309 2712 nai
326 2649 481 2709 insertum
506 2651 614 2731 cupit,
637 2651 668 2711 ei
683 2651 761 2710 licet
775 2650 808 2708 id
829 2650 1004 2712 adsumere.
1027 2655 1154 2723 Rarrz,

58 2736 230 2798 Omittitur
244 2735 277 2792 iu
298 2733 417 2792 talibus
434 2731 520 2791 haud
540 2754 610 2792 raro
634 2734 790 2813 particula
813 2737 879 2808 noi,
903 2749 940 2795 ut
955 2735 1040 2794 infra
1055 2758 1083 2798 ο.
1101 2745 1153 2806 18.

55 2819 179 2895 εἰκότως
200 2817 390 2899 simpliciter
407 2817 528 2899 legitur
543 2815 729 2899 adjunctum
746 2817 781 2877 in
803 2818 968 2880 simillimo
983 2818 1154 2883 verboram
1199 2858 1204 2871 ·

53 2928 150 2968 nexu.
176 2905 294 2965 Lnrrnr.

142 2988 222 3051 thid.
250 2982 294 3053 Ori
308 2985 364 3071 γὰρ
378 2983 514 3070 ἐβούλετο
527 2984 609 3070 eto.)
632 2983 763 3071 Καὶγᾶρ
777 2982 924 3071 ἐβούλετο.
954 2988 1083 3049 Etenim
1095 3012 1155 3053 vo·

55 3077 120 3138 luit
132 3097 189 3158 par
204 3095 272 3134 esre
289 3075 387 3147 facte,
411 3072 445 3132 id
459 3070 547 3154 quod
560 3085 648 3134 extra
662 3086 781 3132 metum
794 3093 851 3131 seu
865 3071 1043 3154 periculum
1059 3075 1152 3153 fanti,

53 3160 87 3227 ri
111 3167 165 3241 τῆς
184 3152 303 3235 ἆὸείος.
332 3179 446 3240 nempe
469 3153 612 3240 ἀφορμὴν
632 3160 706 3231 ἴσως
725 3159 875 3238 παρέχειν.
896 3159 1057 3221 Mancia.
1104 3155 1153 3226 Οὔ

54 3245 113 3332 γὰρ
136 3239 274 3329 ἐβούλετο
296 3232 394 3318 οὗτος.
437 3242 490 3302 Sic
516 3240 685 3325 legendum
707 3241 844 3306 videtur.
888 3243 933 3302 Et
953 3243 1000 3303 sic
1021 3241 1152 3306 videtur

51 3333 172 3416 legisse
194 3329 360 3409 interpres.
383 3328 516 3412 Gerar.
561 3329 614 3388 Sic
635 3328 669 3385 P.
687 3338 720 3386 et
732 3327 774 3387 L.
791 3322 827 3389 ori
850 3323 907 3409 γὰρ
924 3328 949 3391 ἒ.
963 3352 988 3390 τ.
1004 3352 1036 3390 π.
1051 3321 1151 3410 ἧσσον

53 3447 80 3504 y.
93 3444 117 3481 r.
133 3443 158 3479 r.
175 3408 205 3477 ai.
251 3415 355 3474 Antea
369 3433 427 3492 pro
442 3413 539 3491 ἡσοον
553 3411 588 3470 in
612 3411 760 3470 omnibue
774 3409 941 3494 legebatur
953 3414 1030 3475 icon·
1075 3414 1152 3474 Lo-

53 3525 125 3562 cum
140 3512 324 3579 corruptum
338 3497 453 3558 merito
468 3495 614 3558 centebat
630 3495 667 3556 V
662 3498 777 3572 orstiuc,
803 3497 860 3576 qui
876 3493 957 3554 illud
969 3488 1067 3577 ἧσσον
1079 3519 1148 3558 non

49 3586 186 3649 viderat.
216 3585 341 3645 Soram.
387 3581 440 3643 Sic
459 3594 582 3642 vertere
600 3580 724 3656 virum,
754 3591 791 3638 ut
812 3581 881 3661 ipsa
903 3581 1149 3662 argumentandi

47 3671 133 3733 ratio
146 3667 246 3751 magis
261 3678 394 3748 pateret.
440 3665 677 3746 Opponuntur‚
700 3677 738 3723 ut
755 3662 910 3735 arbitror,
933 3662 967 3728 ci
980 3669 1148 3750 πεπραγμέ.

47 3782 122 3833 νον,
144 3753 202 3838 (ut
225 3773 300 3811 mox
314 3747 505 3856 erpoini'rniv
525 3751 758 3858 πεπραγμένων,
781 3762 814 3808 et
829 3747 914 3826 alia)
934 3747 968 3807 id
984 3751 1072 3831 quod
1087 3772 1147 3812 ana

485 3843 498 3856 ³
586 3838 594 3860 Ι

48 3842 122 3925 quis
139 3860 236 3899 manu
250 3835 344 3911 fecit,
367 3849 399 3896 et
413 3861 447 3899 ro
460 3862 514 3916 της
528 3841 639 3910 uittae·
674 3831 797 3897 Ἀδειαν
811 3848 916 3893 autem
931 3847 1022 3913 puto,
1048 3855 1145 3916 qnam

46 3926 145 3987 ruodo
158 3917 304 4027 ἀφορμὴν
316 3926 373 3985 τοῦ
384 3919 484 3999 φόνου
500 3919 597 3980 dixit.
631 3917 852 3979 Observantur
870 3916 952 3977 mibi
969 3918 1030 3977 alia
1044 3919 1143 3980 etiam

45 4016 131 4082 loce,
154 4008 210 4068 ubi
224 4005 309 4072 α’ὁειο
323 4021 355 4066 et
369 4001 463 4079 ἀδεῶς
476 4003 625 4065 similiter
641 4016 788 4084 ponunt,
811 4015 849 4062 ut
864 4021 930 4061 non
946 4015 1009 4062 tam
1024 3999 1065 4063 ad
1078 4023 1144 4063 rue·

45 4113 98 4158 tus
118 4092 291 4155 abrentiam
315 4105 348 4152 et
373 4089 612 4176 impunitatem,
644 4108 738 4172 quarn
760 4081 801 4148 eti
825 4089 970 4169 plenam,
1000 4091 1050 4151 cui
1067 4082 1146 4149 nihii

77 4196 189 4247 Luciam
209 4192 271 4247 rot.
290 4195 342 4248 IV.
871 4171 900 4231 Υ
911 4192 936 4253 Y
