2634 4680
175 271 253 343 ut
444 273 1011 335 annorurronna

177 432 328 511 exemplo
343 436 433 499 utar,
456 433 494 481 ut
509 444 538 483 τι
552 425 695 484 τοιοῦτον
705 416 808 479 Diall.
826 419 928 480 Dcnr.
943 417 1001 495 VI,
1016 420 1047 488 5.
1060 420 1187 487 Mortt.
1203 422 1238 497 1,
1254 432 1278 491 1.

177 535 213 583 ct
227 513 304 578 alibi
320 522 405 571 recte
421 509 586 587 vulgatur,
610 504 656 565 ita
669 524 737 564 uon
752 502 859 563 minua
875 516 961 565 recta
975 524 1120 567 servatae
1135 527 1194 567 mo
1210 528 1279 591 apa·

177 624 216 666 ro
240 613 437 659 communem
460 588 603 649 omnium
623 588 780 649 librorum
805 587 978 649 lectionem
999 586 1122 655 τοιοῦτό
1142 616 1187 657 τι.
1233 594 1278 657 Cf.

178 686 266 747 infra
280 702 306 740 c.
323 685 374 747 34.
420 672 547 755 Quodsi
562 686 667 733 autern
682 679 883 749 tacerentur,
905 674 997 753 μηδὲν
1010 681 1175 755 τοιοῦτον,
1200 690 1235 739 ot
1247 678 1280 739 ai·

176 756 285 841 milia,
309 762 347 823 ad
365 761 497 827 Lucioni
511 757 743 817 Atticiaaimum
760 755 927 818 referenda
941 772 1033 833 aunt,
1059 780 1124 823 uec
1139 760 1177 821 h.
1192 765 1217 823 l.
1232 762 1281 825 da.

177 853 276 925 bites,
303 845 383 929 quin
401 846 499 925 vulgo
516 856 601 903 recte
625 842 779 921 scripturn
804 842 847 901 ait
868 838 902 906 cd
923 850 1072 909 τοιοῦτον.
1119 846 1189 907 Sed
1212 868 1281 931 gra-

178 938 302 999 viorem
354 933 440 988 nullo
464 947 527 985 rem
557 947 642 984 nunc
668 946 808 1007 agamur.
855 925 946 1008 Quae
965 926 1074 991 atatim
1099 948 1282 1013 aequuntut

178 1019 293 1083 verba:
318 1012 403 1095 ιἰχρις
415 1006 454 1074 div
466 1008 600 1089 εὕρωμεν
614 1004 735 1090 τάληθῆ
747 1007 1003 1092 ὑπισχνούμενον,
1028 1012 1145 1094 inepta
1161 1030 1199 1075 et
1214 1006 1283 1079 alio

177 1126 221 1165 ua
236 1103 276 1162 ab
293 1101 368 1173 hac,
396 1117 489 1175 quarn
507 1095 708 1175 persequitur
719 1094 889 1171 Lucienus,
912 1094 1152 1177 disputationi·
1168 1100 1229 1161 via
1244 1122 1285 1161 et·

178 1208 213 1251 ae
223 1185 385 1249 existimat
395 1179 535 1241 Belinus:
545 1177 670 1241 destrui
685 1179 808 1239 scilicet
818 1179 870 1239 his
887 1200 1013 1241 omnem
1027 1186 1286 1265 argumentatio·

176 1293 269 1348 nem,
294 1289 376 1350 quae
395 1267 463 1347 ipsa
493 1265 548 1322 illa
567 1261 797 1323 incertitudine
821 1265 961 1343 nitatur,
992 1287 1113 1327 verano
1137 1268 1222 1331 aiut.
1237 1290 1286 1347 ea,

178 1376 260 1439 quae
274 1352 502 1435 promittantur
510 1398 520 1425 ,
542 1368 582 1407 an
601 1348 690 1412 falna.
735 1346 908 1409 Adsentior
923 1363 1017 1411 acute
1035 1353 1193 1415 cernenti
1209 1354 1286 1432 viro,

177 1442 206 1502 ai
220 1438 349 1522 quidem
363 1433 528 1494 maximam
542 1432 576 1490 in
591 1430 642 1491 hin
658 1430 761 1492 verbio
776 1434 841 1493 vim
856 1435 931 1493 voci
952 1429 1287 1517 ὑπισχνούμενον

177 1524 320 1586 tribuere
332 1520 439 1580 libeat.
483 1517 566 1578 Nam
582 1516 730 1596 profecto
746 1514 781 1575 id
795 1516 900 1599 iprum
915 1533 999 1594 erat,
1021 1520 1113 1604 quod
1129 1522 1289 1585 Lucienus·

177 1624 348 1689 tantopere
363 1605 397 1662 in
413 1599 751 1677 antecedentibus‚.et
765 1622 822 1681 per
838 1623 963 1664 omnem
980 1602 1064 1663 hanc
1079 1603 1288 1669 demonatra.
1316 1663 1317 1666 ,

98 1736 101 1741 -
177 1692 313 1766 tionem,
338 1687 418 1770 quin
437 1688 532 1748 etiam
548 1706 604 1767 per
617 1689 787 1768 plerosque
804 1707 913 1747 omues
929 1687 1055 1749 libellos
1072 1710 1158 1752 auor
1174 1712 1286 1777 urgere

178 1776 317 1851 colebat,
342 1770 427 1857 quod
451 1770 574 1830 nemini
598 1791 724 1845 eorum,
749 1770 807 1851 qui
831 1793 937 1832 veram
958 1772 1159 1855 sapientiam
1184 1776 1287 1859 proii-

176 1874 324 1936 utantur,
348 1858 482 1917 ornnino
496 1854 574 1916 fidea
588 1855 631 1913 ait
646 1852 799 1919 habenda.
827 1858 928 1935 Supra
945 1878 973 1919 c.
987 1861 1038 1926 25.
1060 1853 1200 1925 Οὐκοῦν
1217 1858 1286 1927 ὅσον

175 1943 251 2028 (σοι
268 1945 371 2004 minuc
389 1944 515 2022 placet)
539 1941 592 2017 μὲν
614 1941 661 2003 ἐπὶ
680 1935 714 2004 rd
729 1935 940 2021 ὑπισχνεῖσθαι
961 1945 1013 2007 καὶ
1029 1939 1170 2021 φάσκειν
1191 1942 1284 2023 εἶναι,

177 2028 274 2110 πολλὴ
290 2022 431 2108 ἀφθονία
443 2032 501 2090 τῶν
513 2019 727 2109 ἡγησομένων,
749 2037 781 2084 ct
795 2046 877 2108 quae
889 2042 1086 2108 sequuntur,
1113 2050 1136 2089 a
1153 2029 1284 2109 Lyciuo

179 2136 250 2176 eum
268 2115 302 2172 in
319 2111 413 2171 finem
428 2110 524 2172 dicta.
569 2109 652 2171 Mox
669 2117 758 2176 c.27.
774 2109 885 2171 eodem
901 2110 1058 2189 tendunt,
1089 2133 1183 2193 quae
1202 2114 1284 2177 idern

179 2199 280 2260 dicit:
306 2189 352 2261 Ου’
375 2198 480 2259 τοίνυν
496 2207 556 2253 etc.
582 2228 626 2239 -
652 2229 696 2241 -
726 2184 770 2259 od
798 2196 935 2274 μέντοι
961 2198 1031 2275 ἔχω
1061 2199 1231 2265 εἰδέναι
1256 2200 1288 2267 σι’

178 2280 306 2363 ἀληθῆ
328 2301 462 2361 φησιν.
505 2279 549 2336 Et
561 2298 642 2358 quac
655 2278 748 2338 non?
774 2280 889 2338 Verum
904 2292 939 2337 ut
951 2279 1089 2341 Belinum
1103 2282 1286 2347 concedant

178 2380 321 2435 attento,
346 2362 431 2446 quod
447 2377 598 2443 parerat,
623 2362 730 2422 animo
744 2379 943 2442 persecutum
959 2365 1224 2431 eaacLuca'uaeue
1236 2368 1286 2431 da·

177 2447 421 2512 monstrationia
435 2447 607 2522 rationem,
632 2447 676 2504 itn
691 2445 805 2506 horum
821 2449 988 2508 verborum
1003 2470 1132 2511 aeneum
1145 2453 1286 2517 interiu-

177 2557 244 2597 νοω
261 2533 383 2613 cepiraa
399 2554 471 2593 eum
484 2534 536 2591 vel
549 2530 686 2592 manime
701 2552 796 2613 nego.
839 2532 922 2592 Nam
938 2534 1121 2595 tententiae
1146 2538 1204 2598 via
1221 2560 1286 2599 nou

178 2641 246 2683 eoae
262 2618 418 2699 potentin
435 2611 691 2698 ὑπισχνούμενον,
714 2615 770 2677 aed
783 2637 877 2678 omne
894 2616 1020 2696 pondua
1034 2616 1136 2681 habet
1150 2617 1285 2705 τᾶληθῆ.

179 2703 248 2786 Qui
268 2726 337 2763 uero
357 2701 541 2784 promittat,
573 2721 638 2761 non
652 2700 762 2786 falso,
792 2706 991 2773 antimaria,
1020 2716 1076 2761 aut
1092 2728 1199 2769 seeum
1224 2732 1288 2793 με-

176 2793 303 2871 gnuntia
312 2834 321 2864 ‚
346 2800 401 2847 aut
417 2791 455 2848 iis
469 2785 673 2863 adversantia,
704 2806 786 2868 quae
800 2786 857 2845 alii
871 2785 934 2848 fide
955 2784 1041 2847 haud
1059 2786 1199 2874 indigni
1210 2836 1213 2841 .
1224 2792 1288 2853 viri

161 2873 400 2955 praeceperint
415 2871 635 2934 docuerintve.
680 2870 762 2952 Quia
780 2886 885 2932 autem
902 2886 951 2931 ert
968 2872 1041 2943 itte.
1065 2885 1124 2933 aut
1140 2874 1205 2935 ubi
1221 2889 1285 2953 eat,

172 2958 234 3026 ,ille
246 2979 338 3019 verus
352 2978 446 3017 verae
458 2955 634 3035 sapientiae
646 2953 785 3016 doctor?
806 2955 979 3037 quandove
991 2953 1121 3036 tandeut
1132 2958 1285 3021 exiatct?

177 3056 211 3104 et
227 3062 365 3126 quonam
388 3063 428 3102 ex
451 3041 546 3121 siguo
567 3039 804 3122 cognoscatur?
835 3040 904 3103 Janr
929 3040 1061 3102 Lucioni
1082 3062 1176 3104 mona
1203 3042 1290 3107 hanc·

176 3143 236 3190 cot.
282 3125 410 3207 Quodsi
440 3145 481 3185 ex
508 3127 685 3185 auctoritate
711 3124 853 3184 virorum
881 3123 1189 3207 philosophantium
1213 3132 1284 3190 cola

176 3234 240 3273 rom
256 3211 437 3283 metiamur,
460 3228 583 3288 semper
596 3209 792 3269 manebimus
807 3208 842 3267 in
866 3209 1008 3286 incerto,
1039 3230 1079 3270 an
1101 3211 1207 3274 unica
1230 3233 1284 3275 vo·

175 3299 244 3355 'rum
263 3294 440 3375 sapientiae
456 3291 568 3351 ducem
584 3294 672 3352 nacti
687 3292 854 3354 fuerimus.
896 3294 1029 3354 Interno
1050 3293 1180 3375 itaque,
1214 3316 1283 3359 nou

175 3393 328 3453 externo,
352 3398 432 3458 opus
448 3390 496 3436 eat
511 3377 659 3451 criterio,
684 3398 750 3459 quo
764 3378 881 3438 veritat
896 3393 1137 3459 praeceptorum
1151 3396 1187 3442 et
1201 3380 1282 3465 dog·

174 3464 294 3523 rnatu'm
311 3461 526 3544 dignoscatur.
571 3459 704 3542 Quaeri
721 3482 809 3523 mens
822 3477 869 3522 ert
882 3462 1049 3543 scriptoria
1064 3462 1187 3535 nostri,
1213 3486 1282 3527 non

176 3551 279 3607 tolum
293 3546 504 3620 verissimum,
526 3542 579 3604 aed
596 3560 626 3605 et
641 3546 863 3628 gravissimum
878 3559 924 3607 est
938 3559 971 3604 et
985 3544 1093 3605 ordini
1108 3565 1283 3633 argumen-

175 3631 312 3691 tationis
328 3628 686 3705 convenientissimum,
712 3628 799 3712 quod
816 3629 911 3690 dicit:
933 3630 1001 3690 Aut
1013 3630 1205 3693 omnibuoect
1217 3658 1281 3697 cre·

176 3712 322 3792 dandum,
346 3714 426 3796 quod
439 3714 556 3798 quidem
578 3713 737 3777 ridiculum
743 3715 831 3800 foret
837 3760 848 3789 ‚
870 3730 922 3775 aut
943 3714 1078 3774 omnibus
1088 3719 1207 3795 pariter
1218 3716 1282 3803 dij·-

170 3797 342 3881 fidendum:
366 3798 399 3857 id
415 3823 482 3859 uero
500 3799 586 3880 longe
603 3804 778 3862 tutissimum
793 3816 849 3874 ert,
874 3798 967 3860 donec
988 3801 1020 3858 in
1041 3823 1106 3858 eum
1127 3800 1282 3863 incidan-

175 3906 256 3957 νινε,
280 3887 332 3964 qui
344 3905 412 3943 vera
425 3887 618 3967 prrfiteatur3
640 3901 677 3945 ut
692 3884 891 3945 dubitationi
908 3887 969 3963 jam
986 3904 1052 3941 uon
1070 3884 1211 3967 ampliua
1235 3884 1281 3947 ait

173 3969 278 4031 locus.
323 3968 425 4048 Atqui
438 3987 601 4051 nunquam
614 3970 642 4028 ia
654 3969 779 4033 existet.
824 3968 975 4050 Ergo-
996 3967 1114 4031 Lanu.

258 4050 332 4133 Peg.
350 4058 401 4119 44.
414 4055 436 4118 1.
454 4059 485 4121 8.
506 4049 696 4136 Ἐξαριιὲσει)
723 4052 798 4136 Quo
813 4051 968 4115 Lucienus
988 4052 1164 4116 convincat
1186 4050 1281 4117 Her.
