2634 4680
235 312 274 360 tu
302 308 481 370 cuonone
508 307 683 355 trrsroarn
711 306 769 354 sta
794 303 942 357 consen.
1060 291 1136 369 563

41 463 127 525 tinet
143 461 225 529 hnc,
248 455 334 539 quod
354 456 568 517 Philostratus
591 450 830 521 minorlib.11.
852 448 978 533 einim
1001 452 1041 520 de
1056 456 1137 522 Pin..

43 549 119 610 doro
145 542 308 626 prodidit:
339 546 382 606 Αἱ
400 543 431 606 δὲ
450 543 521 604 aiam
541 539 669 620 μέλιτται
686 537 927 623 περιεργάζονται
946 539 981 608 rb
998 549 1134 623 παιδίον,

41 628 256 714 ἐπιβάλλουσαι
276 625 310 693 td
329 630 409 707 μέλι,
434 627 484 688 καλ
500 622 536 687 ari
551 624 660 704 κέντρα
672 613 874 701 Ιιένέλιιουυαι,
898 627 959 693 δέει
978 634 1033 692 toti
1046 629 1135 712 ἔγχει.

41 715 186 799 ρήματος.
208 716 237 790 έξ
245 707 398 792 ’Τμήτιου
414 705 488 813 τᾶρα
501 699 629 782 ἥκουσι,
651 709 701 771 rai
714 701 774 771 aiud
787 715 846 772 τῶν
859 718 995 792 λιπαρῶν
1007 717 1057 778 καλ
1072 711 1137 781 aiot·-
1216 762 1223 787 a

41 809 138 880 δέμων
158 793 320 877 Ἀθηνῶν·
349 799 400 859 nei
420 820 478 879 γαρ
499 798 586 856 τοῦτο
610 789 694 871 οἶμαι
718 784 809 866 αὐτὰρ
830 791 966 872 enavigas
981 799 1137 883 Πινδάρῳ.

43 888 205 964 (intravero
219 887 297 942 intus
310 905 379 962 apes
394 896 471 956 sunt,
493 877 636 962 irffarrtm
649 890 771 951 υανυιιί,
795 874 889 939 labris
901 880 962 942 mel
970 880 1138 969 infundem-

39 988 97 1046 tes,
122 968 311 1048 aculeosque,
336 989 370 1024 ne
383 986 504 1046 puerum
520 960 655 1035 lectiani,
680 961 888 1023 contrahentes.
930 962 984 1026 Ex
997 968 1137 1049 Hymetto

28 1057 168 1142 sortasse
185 1054 320 1122 veniunt,
344 1065 370 1108 et
386 1048 544 1130 pinguibus
562 1043 735 1128 inclytirque
755 1045 904 1109 Athenis.-
923 1048 980 1109 Ιιου
994 1055 1069 1111 enim
1084 1056 1138 1136 ip·-

38 1165 121 1213 aum,
153 1152 241 1217 puto,
277 1133 411 1195 Pindaro
441 1129 619 1208 instillass23
651 1133 713 1190 mel
745 1129 896 1190 nimirum
920 1134 1135 1213 Hymettium.

40 1225 174 1283 Gunav.
197 1219 318 1296 (Immo
336 1218 405 1298 ipsa
421 1214 500 1277 baec
511 1214 616 1275 verbs.
645 1214 683 1279 V.
701 1226 770 1275 not.
786 1228 885 1276 nostr.
898 1216 937 1276 ad
952 1223 1024 1285 599.
1038 1219 1075 1281 G.
1091 1222 1136 1284 D.
1172 1238 1175 1242 ·

40 1307 171 1379 Solon.)
202 1302 388 1385 (Symmacb.
411 1302 473 1382 Ep.
496 1299 560 1361 ΙΙΙ.
587 1296 627 1356 ad
656 1298 780 1358 Aaron.
825 1298 904 1360 Erat
931 1297 1058 1385 quidem
1078 1304 1135 1367 illa

40 1390 148 1451 Achae
161 1387 281 1446 salibus
297 1405 466 1466 conspersa
481 1397 513 1443 et
527 1382 639 1462 thymo
649 1381 790 1442 odorata.
816 1384 982 1449 Terentina.
993 1384 1030 1448 de
1038 1386 1135 1451 Matr.

39 1499 72 1557 p.
89 1480 182 1541 2437.
201 1493 233 1531 n.
251 1477 280 1537 9.
297 1470 433 1548 Hemst.)
459 1464 560 1551 Θῦμου
573 1480 658 1527 recte
673 1464 785 1526 eratin
800 1465 870 1528 Par.
888 1474 965 1530 sola.
983 1512 986 1519 -
1006 1471 1045 1532 Iu
1063 1473 1134 1553 ipso

40 1562 92 1622 Μ.
116 1576 211 1638 prave
229 1561 346 1635 θυμοῦ.
374 1555 500 1615 Souara.
551 1551 629 1611 Non
652 1549 819 1626 dubitari,
847 1548 954 1633 θύμου
974 1558 1135 1638 praeferre

39 1649 206 1726 vulgatae,
230 1661 310 1723 quae
329 1647 435 1718 θυμοῦ
454 1635 607 1712 habebat,
631 1634 837 1717 vertebatque
854 1640 982 1700 animum
996 1641 1135 1702 Atticum

38 1733 175 1811 epirons3
198 1724 286 1807 quod
306 1723 404 1782 nihili
425 1737 487 1799 est,
510 1735 602 1781 etex
625 1734 759 1780 accentu
780 1724 862 1781 male
881 1724 991 1803 posito
1015 1741 1135 1786 natum.

39 1811 179 1874 Herbam
204 1823 307 1870 autern
332 1808 462 1891 tbymum
479 1804 614 1866 Athenis
639 1808 772 1862 multum
788 1804 822 1863 iu
844 1824 905 1866 usu
924 1807 1044 1883 fuisse,
1066 1808 1135 1870 sid.

40 1896 211 1958 Scholiast.
229 1892 268 1952 ad
283 1892 479 1974 Aristophan.
496 1893 580 1950 Plut.
594 1893 667 1956 253.
682 1903 714 1948 et
730 1895 801 1955 288.
816 1890 900 1969 apud
917 1912 1010 1971 quem
1026 1895 1135 1975 priore

39 1988 113 2044 loco
131 1979 268 2040 vertitur
282 1999 368 2056 erpa,
393 1990 425 2034 et
441 1995 615 2056 pauperum
633 1971 723 2032 cibus
745 1973 847 2034 fnisse
862 1973 899 2034 ab
916 1973 1023 2037 Schol.
1036 1978 1135 2037 tradi.

40 2083 111 2127 tur:
135 2066 233 2122 altero
257 2081 350 2136 vero,
372 2060 492 2137 thynnus.
535 2057 579 2116 At
600 2057 696 2118 herba
718 2057 846 2139 thymus,
871 2080 963 2139 qnam
985 2074 1017 2120 et
1034 2060 1140 2127 hodia.

39 2152 120 2234 tbym
145 2164 312 2215 vocamus,
341 2149 476 2205 multum
499 2141 607 2203 differt
633 2139 670 2200 ab
690 2142 787 2221 cepis.
842 2141 888 2204 Tb
936 2170 984 2204 um
1006 2143 1134 2208 herbam

40 2230 230 2311 descriptam
252 2227 316 2289 vid.
339 2249 389 2309 ap.
408 2229 544 2290 Dioscar.
561 2228 600 2288 L.
615 2226 677 2288 ΙΙΙ.
693 2248 761 2306 cap.
777 2230 828 2293 87.
907 2228 936 2286 bi
955 2228 1136 2293 Mattbiolus

39 2341 108 2380 earn
125 2331 155 2377 et
169 2317 289 2375 Graece
303 2311 410 2393 θύμον
429 2313 539 2373 vocari
559 2327 668 2382 notet,
694 2326 725 2371 et
739 2309 870 2394 figuram
893 2311 1001 2374 addit:
1026 2313 1066 2374 de
1080 2337 1136 2377 ce·

39 2404 90 2484 pis
112 2421 187 2462 vero
209 2399 255 2459 ibi
276 2396 370 2460 nihil.
424 2397 493 2458 Nec
516 2397 592 2457 satis
617 2395 751 2477 expedit
777 2395 1008 2475 differentiam,
1037 2401 1134 2461 immo

40 2485 264 2547 confusionem
284 2481 378 2556 hanc,
402 2482 531 2544 Salmas.
548 2480 586 2541 ad
604 2482 704 2541 Solin.
723 2486 836 2560 pont.
879 2480 941 2545 sed
960 2502 1053 2565 cepas
1069 2486 1135 2545 far.

40 2594 98 2632 san
116 2570 153 2628 ab
171 2568 312 2627 animosa
326 2567 499 2626 acrimonia
514 2567 558 2625 sic
572 2581 704 2625 vocatas
721 2566 874 2644 conjicit,
896 2581 928 2627 et
945 2589 1015 2626 cum
1030 2567 1136 2654 Hesy·
1188 2614 1191 2619 -

39 2657 106 2716 ebio
122 2653 255 2733 aliisque
268 2649 526 2727 Lexicographir
550 2651 683 2722 fatetur,
705 2646 806 2726 θύμον
818 2664 910 2730 saepo
929 2674 1013 2732 cepas
1025 2654 1135 2735 signi-

38 2740 152 2812 ficare,
175 2733 229 2794 sed
251 2732 373 2793 radices
393 2732 508 2793 herbas
522 2733 615 2815 tbrmi
634 2732 702 2793 esui
725 2732 849 2811 ineptas
872 2755 948 2799 esse.
994 2738 1064 2815 Ego
1082 2754 1136 2799 ta-

39 2844 111 2882 men
127 2819 166 2879 ad
184 2816 312 2879 herbam
327 2819 519 2897 fragrantem
533 2817 660 2898 thymum
675 2814 759 2897 apud
777 2816 906 2877 Lucian.
924 2817 1039 2899 respici
1057 2842 1135 2879 cen.

40 2929 108 2980 seo,
124 2926 187 2989 quo
205 2900 292 2962 cibos
311 2899 483 2960 condirere
498 2900 536 2960 ad
552 2917 678 2983 gustum
696 2915 792 2982 atque
809 2899 936 2962 odorem
950 2904 1135 2983 gratiorem.

40 2996 137 3050 immo
156 2986 348 3056 acutiorem,
373 3006 429 3046 seu
443 2984 675 3062 stimulantem,
700 3006 736 3045 ao
749 2987 878 3045 salivam
894 3003 1133 3068 provocantem,

40 3075 187 3154 adeoque
208 3070 402 3150 appetitum,
436 3085 655 3141 utvoeamus,
685 3069 840 3144 cientem,
873 3090 938 3152 quo
959 3069 1135 3136 lectoribus

38 3160 188 3221 similiter
202 3153 390 3215 movendam
406 3152 535 3237 legendi
551 3152 759 3234 cupiditatem
775 3152 931 3235 designat.
955 3154 1077 3221 Raram,

124 3241 202 3303 Eud.
218 3244 240 3301 l.
256 3245 285 3305 4.
312 3240 497 3319 Κρεπέριυς)
523 3240 621 3304 Tacit.
647 3240 707 3300 An.
726 3247 780 3314 tt,
796 3243 826 3308 6.
841 3234 880 3301 tie
903 3238 968 3300 alio
992 3241 1133 3323 quidem,

37 3326 93 3391 sed
111 3328 274 3408 Crepereius
288 3323 332 3382 ibi
348 3325 513 3400 scribitur,
540 3338 570 3384 et
582 3346 659 3384 sane
671 3325 704 3384 in
720 3324 769 3385 Μ.
793 3324 968 3407 Κρεπέρῃος
980 3327 1134 3404 scriptum
1173 3354 1178 3365 ·

37 3430 95 3475 est.
119 3414 246 3473 soma.
289 3411 454 3486 Κρεπέριος
476 3408 726 3487 Καλπουρνιανὸς
750 3413 1057 3489 Πομπηϊουπολίτης)
1084 3413 1134 3470 in·

38 3512 112 3577 epte
130 3495 266 3554 vertitur
274 3542 284 3568 ,
308 3492 456 3575 Creperitm
473 3491 650 3577 Calpurnius
666 3492 800 3575 Pompeii
819 3496 905 3570 civis,
928 3515 988 3574 pro
1004 3492 1136 3577 Pompe-

34 3583 163 3666 jopolita
174 3583 224 3639 vel
237 3578 516 3660 Pompeioplr'tanus.
539 3578 640 3641 Lucos
648 3579 820 3640 Holsteninrs
834 3581 868 3638 in
884 3578 1132 3662 notisadStepir.

38 3670 78 3727 de
93 3664 225 3726 urbibus
242 3663 275 3723 in
298 3668 696 3728 ΠΟΜΠΗΙΟΝΠΟΛΙΣ.
721 3664 857 3728 Auster..
901 3659 1001 3755 Quod
1020 3660 1146 3725 Almeae·

36 3752 97 3813 lov.
110 3761 229 3825 monet,
246 3746 280 3807 id
296 3746 421 3831 Micylli
436 3747 551 3825 versio,
571 3769 664 3831 quam
681 3748 819 3809 Parisino
830 3745 892 3810 Ed.
905 3746 1047 3826 exbibet,
1071 3753 1134 3828 jam

36 3833 186 3896 habebat.
229 3833 291 3893 Pro
313 3831 563 3912 Πομπηϊόνιιυλις
578 3846 681 3893 autem
706 3830 1136 3913 asperrumum-reponen-

40 3919 113 3979 dum
129 3917 190 3978 erit
202 3915 237 3976 iu
252 3915 453 3979 Almrlovenii
465 3933 560 3995 nota,
585 3938 675 4001 quam
692 3913 736 3977 ita
753 3915 908 3994 exhibeo,
931 3918 1013 3978 utin
1028 3914 1135 3980 Graes.

39 4003 89 4068 ed.
103 4014 216 4063 exstat.
259 4002 303 4061 Ar
317 4003 495 4084 posteriore
508 4000 603 4063 modo
616 4000 729 4063 scribit
745 4000 853 4063 Strabo
868 4002 911 4064 L.
924 4000 1002 4063 ΧΙῙ.
1018 4022 1048 4083 p.
1058 4009 1134 4073 θέλ·

35 4093 96 4172 (al.
113 4086 205 4167 662)
236 4084 336 4149 Error
356 4101 461 4151 autom
482 4084 638 4159 Benedicti
656 4085 736 4163 iuda
750 4100 871 4167 ortorp
890 4083 977 4169 qupd
999 4085 1035 4148 in
1053 4108 1135 4149 non·

817 4172 883 4234 Nn
906 4178 928 4240 2

341 4346 346 4379 λ

10 4404 16 4429 ι
118 4410 129 4453 ρ
158 4392 167 4401 “
