2634 4680
318 278 920 329 rouunnorrnon.
1096 264 1172 332 407

70 424 150 485 haec
172 424 345 503 Larianus,
376 443 483 506 neque
506 421 592 485 banc
613 424 807 484 senteutiam
827 421 996 507 cogitavit.
1025 414 1169 508 'Quirini

69 511 178 590 potius
200 508 295 569 verba
318 510 363 568 ita
384 507 570 589 capiantur,
593 522 631 568 ut
648 511 747 592 vulgo
773 506 958 569 habentur?
980 506 1068 568 hunc
1090 510 1168 593 qui.

69 593 137 654 dem
149 595 181 651 in
196 591 342 654 modumr
364 593 448 655 Dicit
462 596 658 676 unusquisque
672 616 770 652 eorum
784 591 907 673 (quivis
922 589 1045 651 scilicet
1060 608 1165 657 sectae

66 678 207 759 cujusvis
223 674 475 761 antesignamus)
481 702 511 737 ae
526 676 621 737 solum
635 701 719 739 nosse
731 694 837 738 ractom
850 679 940 751 mam,
950 691 1079 737 coeteros
1090 700 1159 741 uero

65 762 249 843 (quoslibet
270 763 350 822 alios
375 778 531 821 sectarum
556 761 739 843 principes)
763 784 875 834 more,
907 763 1012 842 quippe
1035 764 1089 843 qui
1109 785 1163 824 nee

64 850 123 928 ipsi
138 847 182 924 (i.
201 868 228 906 e.
244 867 300 925 per
314 867 347 907 se
364 846 446 925 ipsi,
471 845 509 905 ab
523 845 603 927 ipsis
621 844 745 906 detecta
760 846 837 921 via')
855 843 928 907 illac
940 848 1084 921 venerint,
1109 870 1162 921 pec

63 931 156 1006 ulios,
180 933 233 1014 qui
247 929 351 991 ducere
363 933 492 1013 possint,
518 935 577 1003 (ex
598 929 706 991 eadem
722 949 835 1009 nempe
850 928 923 988 illos
939 942 1043 1003 secta,
1067 922 1160 1009 cujus

62 1010 278 1097 patrocinium
295 1015 454 1094 suscepit,
480 1013 536 1095 qui
553 1014 722 1095 loquitor)
742 1015 836 1074 secuti
850 1015 919 1073 sint.
964 1011 1078 1072 Errare
1093 1012 1160 1096 igi-

62 1114 115 1159 tur
132 1101 208 1159 illos
226 1096 306 1158 dicit
322 1114 443 1158 rumex
458 1097 650 1181 ignorantia,
674 1112 742 1158 tum
760 1119 800 1158 ex
817 1095 979 1157 obstinato
997 1095 1158 1157 renitendi

66 1199 93 1243 et
107 1180 351 1242 contradicendi
366 1181 484 1246 studio.
520 1181 661 1243 Gesnerus
673 1182 743 1263 ipse
760 1179 896 1242 lectioni
911 1178 1089 1240 Basilesnsi
1105 1184 1158 1244 δυ-

63 1270 212 1348 ναμένους
231 1266 366 1325 nimium
389 1266 541 1325 tribuisse
563 1265 711 1337 videtur,
744 1285 826 1347 quae
848 1282 955 1341 tamen
979 1262 1064 1323 nihil
1089 1278 1155 1343 est,

65 1353 126 1411 nisi
141 1349 362 1411 foedissimum
380 1349 513 1428 vitium,
532 1347 619 1433 quod
634 1349 718 1412 idem
733 1349 772 1412 ds
788 1347 959 1411 earundem
974 1342 1156 1413 editionum

64 1437 203 1496 lectione
217 1431 326 1509 ἄλλους
342 1439 434 1499 valet.
464 1439 580 1497 Leuat.

141 1552 218 1614 Eorl.
235 1557 300 1621 1.5.
322 1548 447 1631 Αὑτοῦ)
475 1552 564 1614 Dedi
584 1575 644 1636 pro
663 1546 777 1631 uisuri,
800 1550 888 1636 quod
910 1551 950 1633 iu·
965 1549 1049 1614 Ede.
1069 1564 1154 1614 sratr

62 1659 132 1698 narn
149 1637 345 1718 reciprocum
363 1652 420 1699 est.
459 1640 574 1701 Paullo
591 1652 696 1698 autem
714 1658 806 1720 supra
823 1659 932 1717 parum
950 1638 1060 1708 refert,
1077 1632 1155 1696 scri-

61 1720 154 1783 basne
177 1719 273 1787 orituri
292 1743 363 1782 oum
385 1727 532 1806 vulgata,
554 1744 595 1781 an
612 1716 722 1797 αὑτοῦ,
745 1722 818 1802 quia
836 1721 875 1780 ad
897 1716 1019 1785 ἐπιέναι
1040 1719 1154 1781 referri

60 1820 185 1887 potest,
207 1810 302 1866 immo
317 1807 344 1865 si
359 1807 504 1877 refertur,
517 1802 613 1869 orituri
624 1804 812 1866 servandum
829 1820 888 1867 est.
910 1806 1034 1865 Rurrz.
1063 1803 1153 1865 Hinc

59 1890 161 1971 igitur
203 1905 284 1961 atet,
315 1890 459 1951 voluisse
480 1888 646 1967 Brittium,
678 1904 712 1949 ut
734 1889 831 1967 fecit,
859 1884 956 1953 nitori
979 1886 1090 1960 edere,
1119 1901 1154 1949 et

61 1913 290 2034 contrariixisse
304 1972 367 2034 sibi
384 1974 500 2054 ipsum,
523 1975 714 2037 referentem
731 1972 765 2032 in
780 1974 865 2033 Varr.
880 1974 988 2036 Lectt.
1011 1969 1151 2055 ‚,uairoti]

59 2055 155 2118 Nihil
170 2072 293 2117 mutant
308 2055 392 2119 Edd.
408 2051 500 2138 αὐτῆς
516 2059 616 2120 Vorst.
630 2061 744 2123 male.“
786 2058 1011 2117 Recteautem
1028 2056 1152 2118 hoors.
1252 2077 1263 2089 ²

61 2140 153 2201 tulitr
177 2162 246 2201 nam
261 2156 340 2201 vett.
355 2141 437 2206 Ede.
451 2165 559 2203 omnes
583 2141 702 2205 habent
718 2139 821 2206 nitori.
849 2125 932 2203 'rnale
954 2155 1059 2199 autem
1074 2156 1153 2203 tex.

59 2240 128 2284 tum
147 2226 296 2303 mutarit,
329 2239 361 2288 et
382 2231 463 2287 rnale
487 2231 667 2311 exemplum
690 2231 759 2306 ejus
781 2226 976 2297 recentiores
999 2226 1151 2288 Editores

58 2322 134 2369 sunt
148 2308 261 2369 secuti.
292 2310 368 2370 Non
386 2312 485 2394 magis
500 2313 584 2374 enim
601 2309 1067 2393 hic,quam1psullosupraiu
1081 2328 1151 2370 ver·

58 2392 108 2452 bis
122 2391 196 2456 κατὰ
210 2389 378 2473 wittalicon
389 2389 511 2461 ἇπιὲναι
524 2396 714 2476 probissima
730 2395 828 2456 lectio
844 2394 1016 2464 mutanda,
1039 2394 1072 2454 id
1090 2406 1150 2465 est,

57 2477 304 2559 corrumpenda,
323 2474 400 2543 erat.
443 2481 609 2565 Intellige:
633 2480 787 2563 deipsius,
809 2501 833 2540 s.
857 2477 893 2539 dc
907 2501 963 2541 suo
981 2481 1074 2562 maius
1090 2481 1151 2541 aia.

58 2560 111 2622 cf.
125 2583 220 2642 supra
236 2583 328 2644 capp.
339 2570 389 2630 24.
397 2609 409 2638 ,
433 2572 483 2632 17.
497 2579 580 2642 not„
602 2573 634 2633 5.
650 2580 719 2625 not.
739 2563 797 2628 bis.
824 2564 943 2628 Lanu.

144 2676 508 2769 1ὸῑιῐ.Παράὐιῷ)1ιι
530 2683 588 2746 Vl'.
608 2683 645 2743 P.
667 2695 700 2744 et
721 2682 761 2748 L.
780 2677 885 2749 ciria.
929 2680 990 2744 sed
1010 2692 1153 2767 praestet
1264 2750 1267 2755 ,

56 2766 195 2844 vulgata.
218 2764 347 2828 sorta.

143 2863 221 2924 Εαᾶ.
237 2869 259 2925 l·
274 2873 305 2932 6.
334 2867 444 2930 Τοίνυν
462 2900 506 2916 -
526 2862 667 2946 πλῆθος)
688 2869 777 2929 Inter
797 2865 855 2927 has
875 2887 972 2928 voces
998 2866 1151 2927 antaa'loss

55 2949 191 3032 gebatur
212 2948 262 3027 ri,
293 2947 380 3033 quod
403 2972 468 3011 nou
490 2951 638 3033 agnoscit
655 2953 706 3014 M.
727 2972 833 3032 neque
853 2950 1022 3011 admissum
1045 2963 1092 3011 est
1113 2949 1151 3011 iu

54 3035 95 3096 Β.
104 3042 135 3100 2.
158 3035 286 3093 socan.
331 3034 407 3095 Non
423 3035 586 3097 adsentior
599 3034 712 3098 Salona
727 3037 816 3096 sitio.
831 3035 865 3101 τό
882 3032 1061 3109 delendum,
1071 3034 1150 3115 quia

53 3124 118 3202 jam
143 3118 311 3197 praecessit
332 3116 378 3183 τό.
422 3118 482 3180 8οᾶ
504 3124 556 3179 vel
574 3116 649 3180 ideo
671 3120 805 3183 omniuo
821 3118 1040 3194 retinentium,
1064 3131 1096 3180 et
1109 3114 1149 3178 ab

53 3203 278 3284 ignorantibus
302 3201 488 3274 quibusdam
510 3201 651 3264 librariis
672 3203 780 3266 dedita
802 3227 897 3287 opera
912 3205 1062 3265 omissum
1077 3222 1150 3263 cre·

55 3287 114 3365 do;
137 3307 208 3346 nam
222 3288 373 3368 repetitio
389 3288 445 3347 illa
463 3287 590 3347 articuli
605 3308 672 3349 non
687 3301 735 3350 est
747 3289 913 3365 inusitata,
927 3286 966 3351 ati
981 3308 1149 3348 numerum

55 3369 229 3432 oratorium
252 3370 494 3453 complendum,
517 3370 573 3453 qui
586 3371 693 3435 evitis
706 3377 805 3459 longo
820 3388 868 3434 est
878 3370 1025 3450 suavior,
1049 3368 1076 3431 si
1092 3368 1147 3431 ad·

53 3455 147 3514 datur
168 3455 340 3534 articulus,
364 3477 458 3538 qoam
484 3456 512 3514 si
533 3454 687 3521 dematur.
731 3459 833 3521 Immo
855 3472 888 3519 et
905 3454 1071 3539 emphasin
1085 3454 1150 3515 ha&

51 3538 123 3610 bst;
147 3552 179 3597 et
193 3540 347 3603 Lucionus
361 3539 441 3600 alibi
453 3560 519 3599 oon
535 3545 630 3602 semel
646 3541 694 3602 sic
709 3542 837 3623 repetit.
880 3539 1034 3602 vidsnot
1050 3552 1148 3620 supra

53 3620 92 3680 ad
108 3643 136 3684 c.
152 3627 183 3690 5.
198 3624 408 3703 Hermotim13
430 3622 518 3706 quod
541 3625 640 3684 miror
650 3626 778 3710 fugisse
798 3637 960 3700 nostrum,
985 3623 1045 3705 qui
1058 3623 1152 3683 huno
1201 3643 1206 3650 ’

49 3721 214 3766 auctorem
228 3722 332 3770 tamen
350 3721 413 3768 tam
428 3708 540 3768 crebro
551 3711 724 3790 pervolvit.
768 3710 851 3771 Nam
869 3709 1014 3793 Dialogo
1029 3708 1147 3790 primo,

50 3808 76 3852 ⁸·
98 3787 323 3861 Somn.e.15.
347 3801 409 3874 Τῆς
429 3793 462 3857 cll
483 3797 537 3868 τῆς
553 3793 761 3875 δικαιοσύνης,
783 3792 900 3876 probat
920 3794 988 3873 ipse
994 3812 1006 3869 ,·
1029 3795 1146 3855 atela-

51 3887 163 3955 gauter
179 3873 225 3934 sic
238 3896 332 3959 saepe
345 3878 437 3960 poni,
452 3877 581 3938 fatetur.
610 3876 704 3939 Addo
723 3876 897 3940 Tlteodoret.
912 3877 1002 3945 Diul.
1016 3876 1045 3938 I.
1059 3883 1147 3945 c.11.

50 3977 99 4037 pr·
126 3958 200 4021 Εἴτε
215 3955 367 4027 Ἰουδαῖοι
384 3958 440 4043 τὴν
454 3962 486 4027 ol
502 3954 555 4041 riv
569 3957 739 4043 πρῦῥὸησιν
752 3958 945 4044 νενοήκασιι·.
987 3960 1145 4047 Aristopls.

51 4042 138 4101 Plut.
150 4047 224 4111 624·
240 4047 318 4130 Περὶ
331 4045 502 4129 stirmis
512 4051 568 4128 τῆς
578 4047 689 4112 ἑαυτοῦ
701 4044 786 4131 (etsi
804 4046 867 4108 hoo
880 4047 1041 4131 posterius
1056 4048 1146 4131 paul·
