2634 4680
338 308 468 360 vassa
492 260 797 362 amosiis-sss.
825 280 876 359 κζ·
1073 292 1151 386 §39
1274 300 1280 308 *

46 458 178 537 scribit,
201 457 292 522 simul
299 460 375 543 'quio
389 457 489 534 vobis,
519 456 622 519 eodem
639 457 729 538 milri,
752 454 832 520 borso
843 455 982 542 molaque
997 456 1153 540 mulam

49 546 129 626 quia
143 543 271 606 dativus
282 543 359 627 rnilsi
371 539 554 624 simplicius
570 544 708 605 refertur
721 540 763 603 ati
783 543 885 622 malo,
916 564 1011 627 quam
1032 543 1074 605 ad
1095 566 1154 605 ss·-

50 629 139 706 dem,
163 643 201 690 ut
213 650 324 690 sensus
340 628 400 701 sit,
424 648 506 711 quse
520 627 605 690 molo
618 627 709 708 milri,
733 628 756 689 i.
774 644 873 712 opto
890 649 949 693 me.
972 629 1097 697 Rama.

10 740 21 762 ⁵
137 747 252 812 Erat.
269 756 319 815 13·
336 739 684 832 Ὀμὴρου’οδασσεύς)
704 747 839 828 Ulysses
860 743 895 806 in
910 747 1051 846 patriam
1071 744 1156 835 redi}
1181 729 1211 813 ,’

52 843 163 909 turus,
188 833 277 917 gravi
296 847 408 892 exorta
432 848 494 894 tem
520 833 800 915 estate‚‘primum
822 830 857 891 ia
880 831 1038 893 Ciconum
1058 834 1154 895 littus

52 922 207 1000 appulsus
222 930 282 978 est.
328 920 438 999 Atque
451 854 527 979 iorie
545 937 654 978 rursus
674 920 817 995 solvens,
846 914 944 976 simili
967 928 1161 1000 tempestato

52 1008 175 1084 ejectus
189 1002 225 1060 in
237 1000 381 1062 Africam
397 1000 438 1062 ad
456 1000 724 1103 Lotophagorum
741 1015 868 1086 gentem
889 1001 1055 1083 pervenit:
1078 1000 1158 1065 indo

53 1088 89 1146 in
105 1087 249 1147 Siciliam
264 1085 387 1147 delatus
405 1100 472 1162 est,
501 1085 559 1146 obt
581 1086 720 1169 Cyclopi
746 1089 875 1147 ocul'um
898 1085 984 1147 eruit
1005 1101 1157 1168 praeusto
1284 1092 1288 1099 '

54 1171 177 1252 stipite.
221 1171 359 1231 Hiooin
378 1170 525 1232 Aeoliam
545 1172 722 1255 navigans,
746 1169 785 1230 ab
803 1171 906 1232 Aeolo
922 1184 1037 1233 ventos
1057 1178 1159 1233 coac-
1246 1213 1249 1224 ·

55 1271 106 1314 tos
135 1257 170 1314 in
191 1269 294 1315 utrem
324 1253 480 1327 obtinuit.
530 1256 645 1317 Postea
674 1255 713 1321 sd
738 1255 994 1339 Laestrygonas,
1025 1269 1093 1316 tum
1117 1253 1159 1319 sti

55 1339 173 1400 Circen
190 1339 356 1422 pervenit,
379 1338 548 1421 posthaec
565 1341 598 1399 in
620 1341 755 1400 insolam
782 1342 929 1403 Sirenum
952 1340 1076 1402 delatus
1100 1355 1159 1406 est.
1217 1349 1220 1356 ’

54 1423 137 1485 Inde
150 1425 287 1506 Scyllam
302 1425 460 1485 transiens
482 1439 514 1486 et
530 1423 745 1505 Charybdim,
769 1425 805 1486 in
825 1424 970 1487 Siciliam
987 1424 1158 1507 pervenit,

55 1508 184 1570 tandem
203 1510 238 1570 in
254 1507 504 1572 Phaeacensium
524 1524 652 1590 portum
669 1508 854 1590 adnotavit.⁴
870 1510 979 1572 Coos.
1077 1502 1094 1585 ἰ
1267 1506 1270 1513 ’

141 1595 217 1678 Pag·
234 1599 343 1663 2321.
359 1601 390 1662 4.
411 1588 632 1669 'Iriroirorcroric
650 1592 805 1680 Φαίακας)
830 1590 867 1657 V
861 1599 932 1683 aopi
948 1596 1056 1680 capitis
1064 1616 1162 1689 popa·

55 1678 118 1741 lum
133 1680 274 1742 Phaeaca
291 1677 372 1739 dicit
387 1679 452 1744 Juv.
470 1679 569 1763 (XV,
584 1680 656 1765 28.)
678 1680 805 1746 Voasc.
1169 1695 1171 1700 '

142 1764 223 1827 Isia.
250 1762 331 1840 Ταύς
348 1761 505 1848 Φαίακας)
528 1764 666 1825 Alcinoo
684 1763 845 1846 Corcyrae
858 1763 946 1848 regi,
970 1769 1084 1848 atejus
1100 1766 1162 1848 po·'
1192 1818 1200 1827 .

57 1849 145 1932 pulis
162 1849 379 1923 Phaeacibus,
403 1849 536 1933 Ulysses
554 1844 811 1934 Laestrygonas,
836 1850 1017 1932 Cyclopas,
1040 1864 1073 1912 et
1095 1850 1162 1911 alis·

60 1948 201 1995 monstra
217 1956 234 1994 a
251 1955 284 1995 se
298 1933 434 1995 conficta
449 1933 615 2011 narrabat,
639 1946 671 1996 et
686 1935 745 2012 iis,
771 1935 878 1995 omnia
892 1956 963 1995 vera
978 1956 1066 2012 esse,
1087 1955 1163 2022 perf

58 2017 229 2079 suadebat:
253 2016 339 2079 unde
354 2016 489 2082 Juvenal.
517 2020 616 2105 ⁸Tam
629 2023 718 2083 vacui
733 2023 840 2104 eapitis
854 2018 999 2104 populum
1021 2018 1163 2085 Phaeaca

55 2107 181 2187 putavit.
207 2103 317 2166 Coos.
1093 2121 1097 2129 '

144 2188 222 2254 Eori.
237 2192 260 2251 1.
274 2195 303 2256 8.
327 2190 537 2268 Κεαοδοξίας)
558 2185 694 2250 Emend.
720 2187 838 2251 Vorstis'
854 2202 887 2251 et
903 2186 965 2251 Ed.
983 2189 1016 2252 S.
1033 2189 1067 2250 in
1084 2161 1166 2252 seii-¹
1234 2180 1237 2184 ’

63 2271 137 2352 quis
151 2275 235 2334 enim
250 2275 581 2359 uosvoriofiiorclegitur.
603 2268 731 2338 soris.
776 2274 899 2336 Contra
920 2274 1163 2346 Dia11.Mortr.

62 2357 106 2437 X,
121 2366 151 2425 8.
167 2380 226 2440 pro
241 2363 375 2444 vulgato
387 2362 565 2438 κενοδοξίαν
579 2359 614 2419 in
627 2357 707 2422 cod.
718 2357 827 2422 Oxou.
844 2372 893 2421 est
908 2363 1026 2425 καινοδ.
1043 2360 1167 2443 Lanu.
1208 2368 1211 2372 ’

148 2477 227 2540 Eas.
242 2482 263 2540 l.
280 2486 329 2545 11.
347 2474 581 2555 Ἔκεπόνθεια)
603 2479 735 2540 Utinam
750 2477 861 2560 potius
875 2477 968 2541 nobis
982 2477 1167 2562 reliquisset
1246 2534 1249 2539 .
1280 2538 1282 2543 .

64 2561 220 2624 Lucienus
240 2561 409 2624 historiam
431 2580 487 2626 aut
508 2586 638 2625 suorum
663 2577 860 2644 temporum,
890 2578 947 2623 aut
961 2580 1046 2626 certe
1064 2578 1170 2633 suetis.¹

65 2647 122 2706 Lr.
140 2645 266 2706 Caoza.
311 2648 355 2707 Et
359 2648 470 2732 facere
488 2664 520 2710 et
535 2651 602 2731 poti
618 2648 715 2707 simul
735 2646 981 2730 comprehendit
1004 2646 1068 2708 hoo
1088 2669 1171 2715 ver-2

67 2729 154 2792 bum.
199 2727 274 2791 Viti.
298 2730 466 2793 Herodian.
487 2733 522 2810 I,
546 2740 606 2808 17,
629 2739 682 2799 22.
727 2729 820 2792 Adde
839 2731 983 2794 Nostrum
1003 2730 1168 2795 Prometb.

67 2813 122 2898 (in
132 2813 272 2894 Verbb.)
290 2814 344 2878 fin.
361 2815 419 2876 ubi
434 2820 464 2880 τί
478 2811 517 2882 iis
530 2814 683 2896 rsoitioqu
704 2813 938 2902 quidfociam?
957 2815 1171 2879 vertitHaem.»

67 2899 155 2961 steri.
170 2905 275 2961 cetera
291 2899 331 2961 ad
352 2899 534 2977 Gotolrerum,
543 2901 728 2963 remittens..
742 2901 868 2964 Ram.

153 2983 233 3048 Eud.
246 2989 267 3050 l.
286 2990 335 3055 15.
359 2984 497 3071 Γράφω)
524 2985 600 3050 Viti.
621 2984 738 3048 Reines.
754 2985 818 3067 Ep.
838 2988 890 3054 25.
906 2982 946 3045 stl
963 2982 1051 3068 Cosp.
1065 2982 1176 3073 Htffwr

69 3093 218 3216 mongum·
228 3091 259 3150 p.
276 3077 327 3138 99.
343 3093 374 3135 v.
396 3072 572 3135 Araborum
590 3070 632 3133 L.
647 3070 706 3132 XI.
730 3069 770 3132 de
784 3069 977 3156 Massagetis
990 3090 1022 3153 p.
1038 3091 1081 3136 m.
1095 3075 1172 3139 487.

69 3155 124 3215 La
170 3174 265 3219 roza.

83 3246 86 3256 '
156 3236 229 3321 Pag.
244 3245 349 3310 aesl-
366 3248 394 3309 1.
419 3242 512 3321 Μηδὲ
528 3237 605 3318 ὅλας
620 3236 730 3315 ὄντων)
752 3239 865 3303 Simile
879 3241 959 3312 fere,
983 3235 1071 3321 quod
1085 3234 1175 3320 spui

72 3323 154 3393 Plus.
167 3321 207 3384 de
221 3325 434 3389 Homericum
449 3326 586 3393 Hesiodo
601 3325 773 3390 certamina
787 3324 925 3388 traditur
937 3331 1009 3392 267.
1023 3323 1064 3386 A.
1081 3330 1175 3389 Moti·
1254 3361 1257 3366 ·

73 3407 112 3475 ori
127 3436 179 3492 μοι
190 3405 295 3558 irssrsrr'
311 3414 411 3479 ἐκεῖνα
421 3411 458 3479 τὰ
473 3410 516 3498 μή
531 3407 563 3478 τ’
577 3412 718 3498 iyivovto
730 3405 882 3497 πάροιθεν
894 3405 982 3492 Μήτ’
999 3409 1081 3483 iosos
1090 3403 1177 3492 pssi-

70 3507 192 3562 πισθεν.
240 3519 344 3561 ocari.

161 3598 239 3663 Isia,
267 3599 329 3682 Τὴν
340 3595 449 3684 ἀρχὴν)
470 3597 524 3663 As
541 3600 627 3662 iussio
639 3616 766 3660 vorsum
782 3609 832 3659 est
844 3592 909 3658 ts'm
924 3595 958 3657 in
966 3595 1063 3659 Poris.
1078 3615 1176 3680 qusm
1273 3592 1276 3597 ’

75 3683 111 3742 in
131 3683 285 3747 Benedict.
329 3687 431 3746 Recto
452 3684 611 3763 Gesnerss,
632 3687 772 3747 omnino:
793 3702 830 3744 so
855 3696 921 3744 tam
941 3700 1035 3761 saepe
1054 3679 1090 3743 io
1113 3678 1177 3743 isso
1204 3688 1212 3703 ¹

74 3770 242 3831 locutione
256 3774 336 3834 male
350 3768 504 3830 vertenda
520 3768 598 3829 olim
613 3782 767 3843 erratum,
791 3780 829 3827 ut
841 3770 913 3850 jure
924 3763 1076 3848 scopulum
1088 3765 1180 3827 irstsr·

73 3868 187 3934 pretam
201 3876 270 3917 eam
285 3869 380 3916 vocet
393 3853 560 3915 Hemrterh.
576 3851 618 3914 sti
633 3852 678 3914 Ni
702 3875 727 3913 r.
745 3858 775 3928 0.
790 3858 845 3920 26.
866 3852 1027 3913 Monoere
1044 3847 1080 3909 iti
1096 3869 1180 3934 qno.

77 3957 140 4018 que
152 3938 224 4017 alii,
245 3940 373 4018 Jensius,
393 3938 534 4000 Elonerus
547 3950 609 4000 cto.
639 3873 701 3998 sei
714 3935 875 4019 posterior
890 3934 954 3996 hoc
967 3952 1098 4018 quoqne
1110 3952 1178 3999 ses·

74 4036 108 4081 te
131 4018 240 4100 addit,
263 4024 323 4102 (ad
343 4027 405 4089 Ev.
421 4023 511 4087 loon.
527 4021 631 4094 vm,
655 4024 731 4103 25.)
752 4020 792 4080 ab
813 4017 1049 4082 recentioribus
1073 4016 1183 4078 siais·-

76 4105 136 4167 sim
154 4126 249 4191 saepo
264 4111 413 4191 peccari,
436 4107 529 4211 qupsi
546 4126 671 4192 semper
687 4107 807 4169 omnino
820 4102 1004 4192 significetr
1033 4123 1110 4167 cunr
1125 4113 1180 4197 ὣς
