2634 4680
166 281 244 355 380
433 292 1004 349 concussiones

166 444 288 520 missis,
308 447 372 521 jam
388 444 550 525 vulgatam
562 435 637 523 ripis
655 440 814 521 praefero.
855 439 941 501 Nam
958 460 1031 499 cum
1049 436 1177 518 Lycini
1196 457 1272 521 per·

165 551 246 591 sons
261 549 357 610 supra
372 525 556 602 inducatur,
573 525 665 608 quasi
680 525 803 608 ignara,
826 527 1068 621 quamlongum
1082 520 1272 621 etardum

167 614 211 673 sit
226 614 288 673 iter
305 610 345 671 ad
365 611 535 682 virtutem,
557 630 625 669 uon
646 609 806 669 immerito
820 606 951 668 videtur
962 622 1060 669 etram
1074 605 1131 667 hrc
1145 604 1269 683 moero,

162 714 294 780 petrum,
316 694 368 755 ubi
380 694 474 755 vobis
486 694 670 775 philosophis
683 710 711 754 et
727 694 863 754 heroibus
872 696 966 754 uirtus
979 692 1116 752 habiture
1125 690 1271 755 cuditur.

165 780 264 841 Cous.
282 779 416 839 omuino
430 799 461 856 p.
477 786 508 844 6.
526 799 640 839 avers.
652 786 682 845 8.
697 777 737 837 sd
754 800 787 859 p.
801 786 832 845 7.
847 799 878 842 v.
894 786 925 845 3.
944 779 1069 841 Rarrz.
1108 771 1212 857 ‘Hpiv
1231 775 1270 837 iu

164 865 260 938 June,
271 864 334 923 nisi
349 863 476 945 egregie
490 863 597 939 fallor,
605 861 691 922 nihil
701 860 791 922 aliud
803 876 863 938 est,
871 861 938 921 nisi
948 859 1098 921 ruendum
1111 874 1273 942 typogra-

165 947 317 1029 phicunr,
342 967 441 1030 quum
459 967 569 1008 omnes
595 945 678 1006 Edd.
698 960 796 1022 vett.,
818 946 855 1007 iu
877 945 929 1005 his
949 944 1045 1005 etiam
1068 945 1108 1009 A.
1123 953 1179 1023 2.,
1199 944 1274 1027 ὖμῖν

166 1030 349 1096 exhibeant.
373 1032 510 1091 Attento
526 1045 630 1093 autem
642 1031 770 1105 lectori,
786 1052 881 1113 quem
893 1029 1018 1090 ironica
1031 1027 1157 1113 dialogi
1172 1028 1274 1113 hujus

166 1114 293 1175 indoles
309 1137 375 1176 nou
400 1115 541 1199 fugerit,
562 1119 661 1198 louge
676 1116 776 1197 magis
796 1109 888 1196 ὑμῖν,
911 1135 1006 1198 quam
1028 1108 1119 1194 ἡμῖν,
1142 1114 1276 1196 probs-

166 1214 236 1260 tum
259 1197 302 1258 iri
324 1197 431 1262 credo.
474 1201 587 1260 Paullo
608 1199 745 1261 iuferius
760 1208 833 1268 c.5.
848 1200 964 1276 muni,
988 1202 1149 1259 exclamat
1160 1197 1275 1280 Lyci-

63 1330 74 1353 ,
166 1305 246 1360 nus,
267 1281 393 1364 ἡλίκους
412 1278 513 1364 ἡμᾶς
533 1283 612 1366 (qui
627 1304 693 1344 nou
710 1304 820 1345 sumus
838 1279 1048 1366 philosophi)
1069 1275 1272 1365 ἆποφώος.

164 1368 217 1430 Nc
238 1383 342 1432 autem
367 1368 413 1428 ibi
436 1366 632 1430 Hermotimi
661 1388 792 1450 quoque
813 1388 984 1447 personam
1005 1367 1168 1429 inclusam
1194 1366 1275 1431 voci

163 1449 244 1535 ἡμᾶς
259 1453 393 1535 cogites,
416 1456 487 1537 lege
499 1451 686 1534 sequeutia,
708 1451 744 1511 in
757 1453 876 1536 quibus
888 1447 977 1533 ἡμεῖς
988 1466 1022 1514 et
1032 1444 1114 1532 sipia
1123 1450 1275 1513 clarissi-

163 1560 214 1599 me
232 1544 437 1619 separantur,
461 1551 499 1596 ut
520 1541 583 1619 jam
607 1536 788 1618 intelligere
808 1558 979 1619 nequeam,
1001 1535 1058 1618 qui
1074 1535 1217 1613 Soluno,
1239 1548 1277 1599 ot

164 1643 242 1684 vero
258 1623 355 1683 ctiam
369 1620 505 1698 Reitzr'o,
529 1619 765 1702 improbissima
783 1623 884 1684 lectio
896 1618 971 1704 ἡμῖν
983 1625 1036 1683 vel
1048 1619 1277 1704 pauxillulum

164 1705 304 1769 arridere
321 1708 476 1788 potuerit.
498 1708 618 1767 Lzurr.

247 1807 326 1868 Idid.
360 1815 421 1887 Τῆς
438 1802 567 1887 Ἀὀρνου
590 1802 727 1887 ἐκείνης)
758 1806 882 1872 Diodor.
904 1807 944 1872 Ic
967 1809 1004 1882 ιζ.
1023 1819 1058 1868 st
1081 1806 1219 1871 Atrion.
1240 1832 1273 1893 y.

162 1894 274 1955 Buou.
318 1895 372 1954 Dc
393 1893 457 1952 hoc
482 1898 554 1953 loco
578 1891 621 1957 id.
641 1893 729 1952 Dial.
752 1892 896 1973 Philipp.
917 1904 951 1954 et
970 1891 1062 1957 Alex.
1088 1892 1162 1952 Art.
1183 1890 1273 1957 Gert-

165 1978 232 2042 atii.
247 1977 381 2042 Bounu.
417 1977 544 2040 Diodor.
559 1977 621 2039 Sic.
631 1977 739 2048 XVII,
754 1983 807 2045 85·
819 1978 946 2040 Arrius.
956 1976 1140 2057 Eprlsx⁴
1147 1996 1182 2057 p.
1194 1982 1273 2045 191.

164 2062 213 2126 ed.
228 2062 330 2121 Gron.
347 2077 379 2121 et
392 2062 479 2124 Hist.
494 2060 567 2123 Ind.
582 2068 698 2142 p.319.
716 2059 797 2123 Curt.
809 2063 907 2139 vul,
924 2069 975 2139 11,
989 2069 1020 2128 2.
1036 2081 1082 2145 sq.
1127 2060 1184 2128 Cf.
1199 2058 1274 2123 Aa.

163 2161 249 2209 nott.
265 2144 305 2205 sd
318 2147 420 2208 Diali.
435 2148 550 2206 Mortt.
566 2146 656 2224 XIV,
673 2154 705 2213 6.
720 2149 814 2206 Tom.
828 2146 875 2209 11.
891 2168 923 2229 p.
935 2151 1009 2215 578.
1035 2146 1156 2206 Luam.
1252 2168 1260 2181 ·

247 2262 325 2326 End.
341 2267 363 2323 l.
381 2267 429 2332 15.
453 2260 627 2346 Μύριοι]
653 2266 773 2347 Μυρὶοι
786 2280 920 2325 accentu
936 2278 1058 2326 mutato
1080 2262 1182 2324 scribi
1196 2284 1270 2327 vo·

162 2350 227 2412 luit
239 2348 362 2409 Belinus
368 2394 379 2423 ,
395 2362 490 2407 tenax
501 2348 786 2408 Grammaticorum
804 2363 944 2412 veterum
958 2347 1138 2432 praecepti,
1154 2344 1272 2431 psipsoc

163 2432 331 2494 definitum
346 2430 489 2491 indicare
511 2453 675 2494 numerum
690 2432 797 2493 decem
815 2434 968 2495 millium:
990 2437 1093 2517 μυρίοι
1107 2454 1188 2495 vcro
1205 2436 1272 2495 in-

163 2517 316 2579 definitae
331 2516 564 2598 magnitudinis
578 2539 755 2579 numerum.
792 2517 892 2600 Quod
908 2518 1036 2601 quidem
1053 2532 1270 2601 pracceptum

161 2604 223 2665 ani
241 2622 258 2660 a
277 2600 414 2662 Lucieno
432 2621 562 2683 quoque
577 2615 686 2662 nostro
704 2604 771 2664 fere
785 2605 986 2665 observatum
1000 2624 1069 2666 esso
1084 2592 1269 2667 concedam

161 2718 200 2735 -υ
226 2685 357 2766 scripsit
372 2685 474 2763 enirn,
496 2685 587 2747 libris
608 2687 901 2766 consentientibus,
925 2691 1019 2772 poplo
1034 2688 1155 2769 σφαλεὶς
1170 2686 1271 2757 ch.-

161 2793 232 2833 ron.
249 2790 275 2828 c.
295 2779 342 2838 15.
359 2784 391 2831 et
406 2766 509 2854 μύριοι
522 2771 562 2832 dc
576 2770 682 2833 decem
699 2773 841 2833 millibus
857 2773 1070 2850 Graecorum,
1094 2771 1151 2857 qui
1168 2770 1266 2855 Cyro

160 2856 279 2916 minori
302 2855 449 2917 subsidio
470 2857 621 2933 fuerunt,
653 2858 754 2918 Diall.
771 2859 885 2922 Mortt.
898 2858 990 2926 XIV.
1010 2866 1041 2924 2.
1057 2871 1090 2918 et
1106 2856 1171 2934 sic,
1193 2856 1268 2919 uisi

160 2943 276 3012 fallor,
313 2954 496 3001 constanter
515 2975 559 2989 —-
581 2955 775 3004 tamencum
792 2942 888 3005 Henr.
902 2942 1049 3027 Stephano
1065 2941 1171 3015 facio,
1225 2942 1269 3005 ui

161 3045 337 3109 agnoscens
354 3027 487 3085 omnino
508 3024 635 3107 quidem
653 3025 735 3086 illud
750 3025 919 3090 discrimen
936 3029 970 3087 in
980 3026 1133 3089 Thesaur.
1148 2964 1265 3091 Grffla.

160 3112 252 3170 Tom.
267 3111 310 3169 II.
326 3132 355 3190 p.
374 3116 446 3175 990.
469 3111 509 3171 E.
532 3109 620 3170 hunc
644 3125 749 3171 tamen
771 3113 877 3171 locum
901 3112 1045 3193 proxime
1064 3108 1197 3193 quidem
1219 3110 1264 3177 ds

160 3193 296 3255 definito
323 3215 456 3256 numero
479 3194 576 3255 decem
598 3194 725 3255 millium
746 3195 1000 3257 Alexandrotam
1024 3197 1128 3278 capit,
1159 3204 1266 3279 atquo

161 3300 233 3338 cum
249 3279 340 3339 libris
363 3278 528 3356 omnibus,
551 3278 585 3337 in
602 3278 719 3361 quibus
741 3283 830 3339 nulla
846 3294 893 3342 est
908 3281 1066 3359 variatio,
1087 3276 1193 3365 μύριοι
1207 3284 1267 3343 ls-

161 3362 219 3444 git.
261 3362 381 3425 Eadem
396 3364 521 3424 ratione
534 3358 777 3447 πεντακιςμῦριοι
792 3364 874 3425 Pisc.
890 3373 942 3433 20.
955 3368 1170 3450 quinquaginta
1181 3364 1242 3427 mii
1251 3402 1264 3413 -

160 3446 221 3527 lic,
245 3448 392 3530 proxime
408 3446 538 3530 quidem
554 3447 593 3508 de
609 3445 743 3508 definito
760 3469 893 3511 numero
910 3448 1014 3529 valet,
1036 3449 1164 3513 taudem
1179 3464 1262 3515 voto
1302 3446 1308 3459 '

161 3532 295 3594 omuino
309 3531 349 3592 ad
365 3533 527 3617 ingentem
548 3532 626 3598 exit.
660 3533 779 3596 Leuso.
1087 3560 1092 3567 ·
1156 3556 1161 3563 ·

242 3648 318 3732 Pag.
330 3654 447 3719 10.1.2.
471 3651 714 3739 Προςέρχονται)
735 3652 838 3730 Vorti,
862 3676 898 3716 ac
913 3654 942 3713 si
955 3658 1081 3738 legatur
1095 3650 1263 3733 spodoxos·
1283 3712 1302 3735 ,

158 3760 217 3834 vap,
241 3734 328 3814 quod
344 3757 454 3795 verum
469 3751 560 3836 puto.
582 3736 687 3837 (iesu.
730 3740 774 3839 Et
789 3740 870 3839 milri
884 3739 930 3799 ita
942 3739 1081 3837 uidetur.
1123 3735 1261 3799 Nihilo-

159 3823 666 3969 tttttd⁰ttt¹‘t.¹.¹332'⁰t¹
690 3823 1154 3971 ἱῗ’ἷὶἶίἲ.”.ἶῒῖἰ“ἵ..ῗῗὶἷ
1174 3842 1261 3967 2¹:2⁴:

161 3992 311 4064 tolerare,
333 4011 427 4072 quarn
443 3953 585 4069 inutare,
603 3927 788 4054 ¹dorisuldius
806 3930 896 4052 durii.
927 3956 1054 4054 Lirin.
1152 3926 1173 3991 g

246 4089 324 4152 Eud·
343 4094 412 4160 1.8.
432 4093 495 4157 Καὶ
506 4090 543 4158 sd
557 4085 613 4158 ἄπ’
631 4096 770 4179 ἐκείνου)
790 4096 843 4158 Ac
857 4091 1001 4177 deinceps.
1024 4093 1134 4165 Bsons
