2634 4680
206 319 289 394 838
578 328 884 393 uucsaur

102 483 289 585 μωὴν,
310 480 473 549 νεανίσκον
496 471 703 560 ἀκμάζοντος,
725 474 779 540 καλ
792 479 869 541 πᾶσι
882 476 1036 559 φοβεροῦ,
1058 467 1157 541 δι”ἀν
1177 470 1251 543 ἀνι·

19 566 26 577 ⁸
208 580 410 672 ιιιβοόλεντος
423 576 566 668 κάκεῖνος
580 566 638 660 ἦν,
661 569 790 666 ciuium
811 573 954 664 ίθάῤῥει,
985 573 1022 653 ἀς
1043 568 1113 642 ἀντί
1129 585 1250 645 πολλῶν

208 681 503 774 ἤρκτιάορνφόροον.
526 673 582 767 ἀρ’
599 670 657 746 οὖν
671 676 728 746 οάκ
740 677 838 758 ἀξιος,
860 669 1004 759 ιάοότος,
1025 683 1158 763 iuuerit,
1179 664 1250 748 ἀλλ’

211 790 319 875 ἀτιμος
330 780 579 869 estmereslewe
598 785 750 868 μίνοομαις
771 786 800 847 τί
819 778 894 868 μάρ,
928 786 957 850 τί
977 779 1158 868 δορυφόρον
1177 785 1249 865 ἕνα,

211 899 241 963 τί
257 894 289 960 δὲ
299 896 355 973 ⁸),
377 892 405 956 εί
415 876 656 972 όπηρέτηντινά
670 893 727 951 τοῦ
740 881 894 967 τνράννον
907 877 1085 965 ἀπέκτεινας
1107 889 1136 952 τί
1149 884 1200 968 δ’,
1223 891 1253 954 εί

140 1022 144 1031 ’
213 995 333 1076 οἰκέτην
344 994 461 1074 τίμιον;
484 985 523 1054 oi
534 989 608 1074 μέγα
622 984 662 1054 ἀν
676 991 758 1067 ἔδοξε
772 990 946 1064 selemim,
969 983 1139 1054 ἀνελθόντα
1150 989 1184 1054 ἀν
1197 990 1251 1070 μί-

213 1119 253 1180 ov
267 1105 304 1186 τῇ
317 1087 500 1172 ἀκροπόλει,
522 1092 556 1157 ίν
570 1092 671 1175 μέσοις
681 1099 746 1166 τοῖς
759 1085 882 1165 ὅπλοις,
904 1085 1004 1170 φόνον
1020 1089 1103 1166 τινός
1122 1086 1251 1175 ἔργάοα-
1305 1114 1308 1121 ·

43 1206 51 1217 “
101 1198 104 1203 ’
214 1209 290 1267 σθαι
300 1203 361 1263 τόν
375 1200 431 1262 τοῦ
444 1189 597 1277 τνράννου
613 1197 730 1275 φίλοινς
750 1199 808 1258 νῦν
830 1189 869 1282 ἀὲ,
877 1189 930 1254 καλ
944 1189 999 1255 τόν
1016 1195 1250 1276 πεφονευμένον

95 1304 102 1323 '
214 1296 311 1368 ον’τόν
325 1301 369 1366 ul
380 1291 428 1383 ι’).
449 1291 518 1370 viic
528 1287 570 1376 ἦν
582 1294 753 1376 τυράννον,
781 1297 894 1377 μᾶλλον
910 1289 941 1355 δὲ
953 1286 1106 1375 τύραννος
1116 1293 1251 1378 χαλεποί.

212 1428 317 1490 τερος,
346 1400 401 1465 καί
420 1392 565 1476 δεσπότης
589 1391 807 1482 ἀπαραίτητος,
836 1394 888 1457 καί
907 1393 1058 1477 κολαστὴς
1074 1389 1247 1484 όμότερος,

213 1506 267 1573 καί
285 1496 431 1589 ἀβρτοτῆς
459 1497 644 1584 βιαιότερος·
676 1496 710 1563 τά
733 1497 766 1562 δὲ
788 1498 945 1580 μέγιστον,
979 1495 1169 1582 κληρονόμος
1187 1508 1251 1567 τῶν

192 1603 311 1681 'iilum
337 1602 390 1669 καί
418 1596 577 1682 διόδοχος,
611 1600 663 1666 καί
685 1594 811 1664 §nenati
829 1604 1008 1681 παρατεῖναι
1032 1599 1087 1678 iric
1104 1597 1252 1689 ἡμετέρας

154 1729 196 1793 17
213 1701 377 1790 ονμφοράς
388 1695 567 1785 ἀννόμενος.
610 1698 718 1769 Βοόλει
728 1707 818 1768 τοῦτο
830 1699 926 1783 μόνον
937 1704 1112 1788 πεπρᾶχθαί
1122 1701 1156 1783 *)
1178 1729 1251 1786 μοις

213 1808 269 1897 ζῇν
284 1801 316 1874 δ’
334 1808 377 1872 ίτι
390 1801 445 1869 τόν
456 1800 608 1888 τόραννον
628 1801 868 1890 διαπεφευγότας
890 1804 980 1888 γέρας
1002 1802 1041 1888 δὴ
1060 1806 1110 1871 ἐπὶ
1127 1800 1250 1882 τοότοις

212 1917 304 1979 αἰτοῖ·Ι
333 1911 364 1974 τί
384 1907 475 1989 ocri,
505 1900 543 1973 ον’
563 1904 691 1988 cinisem
721 1899 790 1990 οόχλ
811 1901 956 1994 κᾴκεῖνον
975 1902 1176 1994 όφεωράοθος
1206 1903 1248 1975 οὗ

280 2064 310 2116 8.
333 2055 491 2128 ἀναίματος
510 2060 574 2112 Par.
596 2060 632 2115 Η.
648 2076 673 2111 ι.
694 2066 725 2111 et
741 2075 767 2114 τ.
784 2057 814 2113 iu
834 2076 889 2129 que
911 2055 1072 2129 ἀναίματος
1090 2070 1251 2114 correxerat

282 2134 362 2186 ἆται.
395 2131 478 2181 Hanc
491 2127 675 2179 variationem
688 2126 801 2178 Salanus
813 2129 938 2184 omisit.“
990 2133 1023 2200 a)
1040 2132 1076 2185 τί
1094 2127 1151 2198 el]
1167 2132 1196 2185 τί
1215 2127 1249 2184 δ’

282 2201 345 2253 solu
357 2202 389 2252 Β.
401 2216 424 2251 ι.
459 2198 496 2263 b)
515 2193 585 2266 ἰδὲ]
605 2199 639 2248 In
651 2196 791 2264 prioribus
807 2198 938 2249 omnibus
951 2199 1001 2253 rm.
1020 2201 1075 2253 Sed
1088 2200 1249 2258 videDiall.

280 2272 372 2322 Marr.
387 2267 416 2333 1,
436 2282 463 2333 5.
482 2266 579 2334 ibique
598 2268 662 2317 Ver.
683 2266 758 2316 Lect.
779 2265 861 2316 Tom.
877 2269 1014 2336 11.p.96.
1049 2271 1080 2332 ⁸¹)
1097 2271 1250 2337 κεκρᾶχ.

281 2338 368 2403 eat]
387 2339 428 2388 Ite
441 2335 549 2386 correxi
561 2335 707 2402 vulgatum
728 2335 827 2388 vitium
838 2333 1012 2409 πεπράχθαι,
1029 2355 1083 2407 pro
1098 2354 1154 2407 quo
1171 2339 1250 2391 etin

280 2403 427 2458 nonnullis
441 2400 620 2472 πεπράχθαί,
638 2403 745 2473 duplici
760 2415 888 2460 accentu.
924 2407 970 2460 Cf.
984 2423 1068 2477 supro
1079 2423 1106 2461 o·
1122 2423 1163 2460 ιο.
1173 2407 1250 2461 Her-

280 2482 352 2532 mot.
365 2492 391 2527 c.
404 2486 448 2542 45.
464 2482 518 2524 etc.

213 2636 319 2699 neque
342 2612 528 2674 incruentus
542 2632 630 2685 sum,
652 2610 709 2674 sed
751 2611 805 2675 die
821 2636 910 2692 arce,
934 2615 1019 2677 iuter
1032 2612 1135 2678 media
1148 2635 1245 2693 arma,

213 2698 342 2762 caedem
358 2697 423 2761 ieci
434 2717 578 2779 magnam
597 2711 630 2758 et
643 2698 708 2757 for·
752 2699 878 2763 caedem
896 2702 1001 2761 facere
1014 2701 1152 2780 alicujus
1166 2700 1246 2759 emi.
1263 2704 1267 2717 ¹

212 2800 295 2864 tem,
319 2782 446 2866 juvenis
463 2781 581 2862 inipso
597 2780 708 2864 vigore
751 2806 860 2846 corum
884 2780 1040 2865 tyreuui?
1078 2784 1147 2850 Jam
1167 2804 1246 2844 vero

213 2867 405 2942 constituti,
429 2880 461 2926 et
476 2865 623 2926 omnibus
641 2867 708 2927 for.
751 2870 954 2931 interfectum
966 2868 1041 2930 virle
1054 2870 1169 2952 ipsum.
1190 2869 1247 2927 Fi·

211 2951 524 3031 midabilie,propter
537 2973 630 3036 quem
646 2951 708 3012 iste
749 2954 813 3014 lius
845 2958 912 3014 ere't
940 2955 1091 3035 tyrannii
1132 2954 1245 3036 potius

214 3058 345 3120 quoque
371 3036 516 3116 superior
536 3048 603 3095 erat
621 3036 710 3094 insi-
749 3059 826 3099 vero
848 3052 1003 3119 tyrannus
1024 3039 1182 3119 asperior,
1212 3052 1247 3099 et

214 3121 296 3198 diis,
326 3120 447 3203 inquo
477 3123 546 3179 solo
572 3117 709 3180 babebat
750 3122 960 3204 implacabilis
1000 3122 1167 3199 domiuus,
1213 3136 1248 3184 et

213 3206 381 3279 fiduciam,
413 3202 469 3285 qui
505 3223 564 3282 pro
597 3204 707 3262 multis
751 3204 1247 3288 suppliciorumexactororude·
1307 3252 1310 3257 -

212 3284 710 3352 sufficiebatsatellitibus.Num·
750 3293 831 3364 lior,
856 3292 941 3349 etin
964 3289 1111 3352 faciende
1125 3290 1246 3373 injurie

237 3375 293 3434 uid
308 3373 427 3456 igitur,
451 3372 495 3429 mi
509 3369 616 3446 homo,
641 3393 708 3430 non
750 3374 942 3436 violentior:
969 3372 1055 3459 quod
1078 3395 1153 3435 vero
1174 3396 1245 3435 mu·

213 3397 330 3543 lignus
350 3455 510 3537 praemio,
534 3455 589 3516 sed
608 3455 708 3515 inho·
749 3460 890 3533 ximum,
913 3458 1004 3520 heres
1021 3458 1245 3519 universorum

211 3556 345 3602 ‘noratur
360 3555 435 3621 post
450 3555 499 3598 tot
517 3561 553 3598 ao
569 3555 657 3599 tenta
672 3561 707 3600 e·
749 3559 782 3604 et
806 3565 983 3618 successor,
1021 3543 1141 3626 quique
1163 3547 1246 3603 mul·
1271 3566 1294 3621 j

212 3626 275 3686 ro?
295 3625 382 3709 Quid
398 3624 522 3684 enimsi
538 3626 707 3685 satellitem
749 3644 815 3689 tum
843 3626 1015 3688 extendere
1046 3627 1244 3689 calamitates

211 3730 331 3786 unum,
372 3707 500 3791 quidsi
526 3707 707 3769 ministrum
748 3726 1003 3794 nostraspoeset.
1038 3713 1098 3773 Vis
1114 3711 1177 3772 hoo
1190 3732 1244 3773 so·

211 3794 344 3874 tyranni
366 3815 484 3870 unum,
518 3792 708 3855 interfecit·
748 3801 815 3857 lum
832 3817 913 3858 ame
925 3795 1129 3877 perfectum?
1152 3795 1244 3858 vive·

211 3876 303 3936 sem?
334 3876 412 3960 quid
435 3898 512 3937 vero
532 3879 560 3937 si
581 3901 706 3941 servum
747 3901 782 3942 re
802 3894 907 3941 eutem
924 3894 956 3947 et
971 3879 1121 3963 effugisse
1134 3895 1245 3961 tyran·

208 3958 259 4021 illi
272 3960 403 4021 cerum?
426 3982 535 4023 nonne
556 3985 705 4046 magnum
747 3964 848 4025 uum?
885 3963 1063 4025 Praemium
1092 3962 1244 4048 equidem

209 4043 357 4105 videatur
380 4043 443 4104 hoc
468 4065 618 4129 quoque,
647 4047 705 4107 ed·
747 4047 1031 4129 etobhacopeto.
1077 4047 1165 4196 (Ξοίά
1188 4046 1246 4107 ‹li-
1293 4090 1299 4098 -

208 4128 358 4192 accudere
372 4129 528 4212 aliquem,
550 4131 631 4192 etin
644 4152 706 4193 me·
732 4131 845 4194 citis?
866 4154 935 4196 uon
956 4131 1078 4195 debitis
1130 4150 1244 4195 uouue
