2634 4680
1240 199 1316 245 ·r

182 272 257 345 490
443 282 1017 335 roaorrrrottas
1307 242 1313 259 '¹

264 432 343 497 End.
357 437 443 499 llo.
464 426 534 495 Ἐπ’
551 426 750 511 αύτοῦμύνον
758 424 1074 515 intimatam)
1096 428 1285 511 Sic-edunt,
1306 420 1312 454 ¹

180 520 271 607 quod
293 518 437 601 intelligi
456 536 524 577 non
543 529 667 598 potest;
689 528 724 577 et
744 512 834 595 ipset
853 527 960 576 tamen
974 528 1062 577 recte
1081 516 1287 579 intellexiste
1314 529 1317 556 “

179 621 270 689 patet
287 624 328 667 ex
349 600 500 665 versione
517 625 575 706 per
587 626 619 663 se
631 597 728 662 solum
745 615 870 661 exutum
887 599 1030 664 videatis:
1052 618 1151 685 quam
1171 616 1215 663 ut
1234 600 1286 663 ba·
1307 594 1316 657 “.

180 694 274 765 beas,
296 686 349 751 edi
371 684 484 749 debuit
505 682 727 760 αποδύσαντος.
750 684 862 748 Gaott.
900 680 973 761 ,Ἐπ’
996 687 1148 767 ἐμαυτοῦ)
1170 686 1231 749 sie
1244 686 1284 749 L.

178 778 219 843 In
240 776 314 837 aliis
331 792 428 855 prave
442 766 494 852 ἐφ’
517 764 621 837 αύτοῦ.
643 771 774 836 Socra.
819 767 906 911 guia
926 769 1057 833 Solum
1078 766 1131 835 ἐπ’
1149 772 1287 853 δμαυτού

178 867 268 937 vult,
290 873 322 921 et
340 854 494 919 Codicem
513 856 654 939 optimae
669 868 765 915 notae
780 874 817 913 au
846 868 1007 939 regentem
1019 854 1136 934 habet,
1159 856 1215 919 aie
1234 855 1285 919 edi

178 947 280 1029 magis
295 962 407 1025 passus
426 962 513 1020 aum,
535 962 628 1026 qnam
648 938 749 1020 γοναῖς
774 937 888 999 melius
908 940 994 1001 enim
1010 954 1075 1015 eet,
1097 959 1202 1023 quam
1218 946 1284 1004 vul-

179 1047 287 1119 gatum
306 1023 358 1107 ἐφ’
378 1022 488 1091 αύτοῦ·
510 1047 583 1087 nam
598 1024 661 1087 etsi
680 1018 777 1089 αύτοά
791 1042 850 1104 pro
869 1025 998 1103 ἑαυτοῦ,
1019 1038 1052 1091 et
1066 1022 1132 1087 boc
1150 1048 1217 1109 pro
1230 1028 1285 1109 itt-

178 1121 276 1181 αυτοῦ
298 1110 460 1172 interdum
485 1114 607 1187 valeat,
639 1107 694 1169 bic
715 1120 821 1169 tamen
852 1108 950 1169 nimia
973 1107 1159 1193 ambiguum
1186 1112 1282 1173 foret.

179 1200 304 1263 Confer
325 1217 420 1277 snpra
442 1192 481 1257 de
502 1192 648 1259 Merced.
665 1190 760 1255 oond.
780 1214 808 1253 c.
824 1198 874 1260 19.
896 1197 941 1259 Et
958 1229 1004 1245 -·
1022 1190 1079 1276 τήν
1102 1193 1220 1281 ψυχήν
1237 1217 1282 1263 eor

177 1282 234 1367 triv
247 1286 378 1366 ἐμαυτοῦ
391 1280 567 1359 ἐπιτρέπων.
612 1279 679 1339 Ubi
695 1276 792 1339 etiam
807 1276 962 1361 quaedam
970 1277 1055 1345 Edd.
1069 1279 1202 1344 babent
1217 1282 1282 1347 δατ·

177 1378 244 1437 τοῦ.
289 1363 426 1447 Alioqui
445 1360 495 1430 ἐπ’
518 1367 594 1445 ἐμοῦ
610 1367 754 1441 mallem,
778 1364 855 1445 quia
880 1361 1015 1440 dubito,
1035 1365 1182 1429 liceatne
1198 1366 1281 1429 ταοὶ-Ι

177 1475 310 1537 procum
331 1448 465 1532 ἐμαυτού
483 1450 557 1527 alii,
591 1471 685 1533 qnam
706 1449 829 1531 primae
849 1469 1006 1530 personae
1026 1450 1136 1529 verbi,
1160 1450 1280 1535 adjun-

178 1561 261 1623 gere.
303 1534 351 1595 Ut
368 1536 453 1596 enim
467 1534 597 1618 proprie
620 1533 739 1594 dicitur
753 1535 881 1599 πέπεικα
894 1531 1040 1615 treverio,
1063 1534 1239 1601 Haedina.
1253 1536 1279 1613 Il

177 1632 229 1695 55.
245 1616 383 1687 Σύνοτδα
405 1623 525 1707 ἐμαυτῷ
533 1626 555 1656 ·’
571 1633 604 1680 et
624 1614 709 1703 παρά
723 1616 823 1705 πάντα
842 1617 895 1685 τδν
914 1620 1045 1699 ἐμαυτοῦ
1058 1621 1132 1703 βίον
1149 1618 1281 1689 aldium

177 1712 229 1775 stol
250 1707 386 1789 ἤκουσα,
409 1705 494 1769 idem
514 1704 683 1767 Herodian.
700 1703 733 1782 Ι,
758 1712 795 1782 2,
818 1711 868 1771 10.
889 1702 936 1765 ita
959 1702 1132 1767 absurdum
1151 1704 1281 1769 videtur

178 1793 284 1854 dicere
300 1796 383 1873 ἴδητε
399 1788 447 1856 ἐπ’
470 1792 617 1871 ἐμαυτοῦ,
640 1790 717 1873 quia
737 1790 785 1849 tic
808 1809 942 1872 persona
964 1788 1053 1849 verbi
1079 1790 1280 1853 contradicit

177 1898 333 1960 personae
354 1875 568 1958 pronominis.
610 1876 684 1957 Ego
709 1878 819 1935 saltem
842 1874 889 1934 sic
911 1871 978 1933 dici
1000 1872 1148 1937 nondum
1176 1876 1280 1939 obtat·

176 1963 262 2025 vavi.
308 1960 378 2023 Nec
399 1974 505 2022 tamen
528 1980 609 2043 opus
631 1981 703 2019 cum
728 1957 855 2020 Gronov.
870 1952 1082 2036 ἀποδύσαντας
1098 1962 1229 2045 legere,
1250 1958 1278 2023 ti

176 2064 298 2127 exutum
313 2046 395 2107 velis
411 2043 600 2129 significari,
613 2043 668 2106 sed
684 2039 891 2119 ἀποδύσαντες
901 2048 984 2125 ἴδητε
997 2048 1117 2127 conjure
1143 2044 1278 2121 endunt

177 2148 210 2195 et
222 2131 315 2215 parvi
328 2130 477 2205 interest,
501 2127 646 2189 hactum
663 2134 785 2206 veitas,
806 2150 865 2188 vos
879 2154 925 2190 mr
938 2145 1075 2191 exuentes
1110 2132 1118 2149 ⁰
1173 2132 1183 2149 ⁶
1202 2178 1215 2211 ,
1239 2152 1277 2193 att

175 2234 316 2291 exutum,
341 2211 427 2296 quod
442 2217 491 2274 vel
507 2214 697 2291 apertiorem
713 2233 839 2273 sentum
856 2212 961 2275 habet.
982 2214 1108 2278 Rama.
1149 2210 1277 2279 'rideam

176 2303 258 2376 tior,
283 2296 372 2381 quod
393 2295 433 2356 ad
452 2292 659 2372 ἀποδύσαντες
674 2297 808 2376 attinet,
832 2297 895 2377 ita,
918 2313 956 2360 ut
970 2299 1065 2360 etiam
1079 2296 1201 2377 miter,
1223 2298 1276 2387 qui

180 2385 329 2447 Gronovio
358 2377 568 2456 ἀποδύσαντας
588 2382 626 2441 in
645 2395 781 2442 mentem
810 2382 921 2446 venire
941 2383 1104 2465 potuerit:
1151 2382 1219 2447 Sed
1239 2382 1277 2447 dt

175 2470 317 2529 lectione
331 2468 390 2545 L„
415 2487 509 2549 quam
534 2466 664 2530 Solam
682 2465 783 2549 recipi
800 2469 895 2549 jussit
915 2483 948 2530 et
962 2467 1097 2531 Reiizius
1112 2466 1206 2533 baud
1225 2490 1278 2537 aa·

175 2550 984 2699 llttltff”llltlffll‘llltl‘l‘il‘tll
1001 2550 1057 2704 gt?
1072 2554 1291 2703 ‘tratti'

176 2722 210 2783 in
229 2721 313 2783 Edd.
331 2736 408 2786 vett.
424 2659 711 2805 adspiratepedita,
734 2659 903 2784 etiampubi
929 2722 963 2781 in
979 2664 1077 2788 adiab
1086 2724 1170 2784 lenia
1183 2724 1277 2807 tp'iri-

171 2822 223 2869 tus
238 2806 390 2869 mendose
415 2808 577 2890 sequitur,
602 2807 698 2884 satia,
722 2808 857 2888 op'mor,
880 2806 1014 2868 firmiter
1029 2810 1276 2873 tueturlectiu-

170 2914 242 2953 nem
257 2886 311 2972 ἐφ’
327 2888 431 2957 αὑτοῦ.
475 2893 519 2951 Et
539 2891 719 2967 Gronovius,
743 2890 817 2951 dnm
835 2891 964 2975 scripsit
985 2885 1033 2957 ἐπ’
1048 2885 1164 2971 nitori,
1190 2894 1276 2957 nibil

171 2976 280 3052 eliud,
303 2999 396 3061 quam
416 2971 470 3058 ἐφ’
491 2974 588 3040 ούτοδ
605 2976 782 3038 correxisse
797 2975 836 3037 de
852 2996 910 3036 tuo
927 2975 1088 3057 putandus
1100 2990 1159 3039 eat.
1205 2980 1275 3045 Jam

170 3083 247 3122 vero
269 3062 457 3141 ampliorem
477 3059 701 3139 Pronominis‚
724 3059 812 3144 quod
832 3060 970 3132 dicitnr,
993 3062 1152 3143 reciproci
1168 3078 1274 3143 usum,

173 3145 213 3207 de
228 3145 379 3206 omnibus
394 3146 541 3226 personis
563 3144 715 3222 obvium,
738 3144 832 3207 etiam
848 3144 887 3207 de
906 3146 1007 3228 prima
1024 3146 1202 3227 singularia
1217 3170 1275 3209 nu·

172 3231 253 3293 meri
269 3230 429 3291 firmatum
444 3230 564 3293 videris
579 3250 706 3290 necesse
718 3230 897 3312 estCatapl.
915 3252 941 3289 c.
950 3238 980 3297 9.
994 3232 1156 3293 DeMero.
1166 3230 1272 3299 Cena

172 3334 200 3373 c.
219 3322 272 3383 19.
295 3329 328 3376 et
342 3322 393 3383 80.
436 3317 480 3375 Et
498 3330 536 3375 nt
552 3315 586 3373 in
613 3313 679 3373 illis
701 3313 801 3392 locis,
824 3314 871 3374 ita
895 3314 929 3373 in
943 3314 1007 3377 hoc
1029 3334 1183 3398 quoque,
1206 3336 1275 3379 aon

173 3396 347 3463 defuerunt
361 3422 473 3461 manus
490 3397 708 3482 imprudenter
724 3399 936 3463 correctriccs.
980 3401 1105 3483 Quibus
1118 3400 1147 3461 si
1164 3406 1274 3487 repul.

171 3504 237 3545 sant
260 3483 458 3561 dederimus,
479 3509 565 3564 non,
590 3480 702 3562 oredo,
724 3482 908 3547 videbimur
924 3488 1022 3545 ullam
1041 3484 1161 3549 fecisse
1182 3488 1274 3573 iuju-

169 3569 260 3633 riam.
282 3571 403 3633 Larrnr.
1099 3596 1102 3601 ·

252 3739 331 3802 Eud.
351 3745 374 3802 l.
396 3746 448 3811 11.
473 3734 715 3823 Ἅπαδύσαντες)
745 3738 833 3802 Cave
858 3739 1054 3823 obtemperes
1075 3737 1148 3803 viro
1171 3739 1271 3807 doato

51 3864 55 3871 ·
169 3827 316 3889 monenti
346 3820 567 3901 ἀποδύσαντας.
627 3825 718 3908 Quin
744 3818 953 3901 ἀποδύσαντες
976 3823 1206 3905 retinendum,
1236 3838 1274 3891 ut

169 3907 386 3995 ἀπαγαγόντες.
414 3912 568 3990 Exuunt,
591 3910 624 3974 b.
640 3932 668 3973 e.
683 3910 761 3971 exui
776 3910 907 3993 jubent,
932 3924 970 3970 ut
984 3909 1146 3990 inspicere
1163 3926 1271 3975 totum

168 3997 310 4079 possint,
333 3996 485 4059 athletam
507 3993 706 4082 ἀγωνοθέται.
746 3990 967 4070 Ἀποδύσαντος
989 3994 1095 4059 activa
1114 4016 1199 4061 voto
1212 3996 1270 4061 vix

170 4082 237 4147 dici
250 4078 291 4142 de
306 4103 362 4161 eo,
385 4082 442 4169 qui
459 4097 560 4147 vestes
577 4081 649 4168 ipse
659 4081 770 4166 ponit,
792 4095 911 4165 potest.
940 4080 1044 4143 Grau.
