2634 4680
164 252 241 326 &4
424 272 993 323 souorsrrouus

249 419 326 483 Eut.
347 424 368 480 l.
390 426 420 486 4·
445 414 631 483 Ἑκᾶστου
659 416 732 502 γὰρ
758 454 802 467 ·-
829 413 952 483 uuidar
980 418 1098 500 ἔστι]
1135 418 1266 485 sensns:

165 506 299 569 cuilibet
313 505 358 563 rei
375 505 504 585 propria
522 501 675 586 quaedam
690 520 738 565 est
754 502 973 585 pulchritudo.
995 505 1035 563 Iu
1057 504 1164 567 Reitz.
1182 504 1266 567 Edit.

165 606 238 674 post
260 593 338 652 ἴὸίον
351 615 380 651 τι
399 611 520 647 comma
535 604 599 665 est,
624 588 710 668 quod
728 610 855 649 sensum
870 588 1030 653 obscuret.
1055 591 1158 649 Run.
1205 590 1269 651 Ad-

166 678 254 743 dsm,
283 696 364 753 qrssc
384 672 468 733 idem
486 672 666 755 liudolphus
687 673 720 730 in
744 672 816 733 Ind.
839 692 865 732 s.
886 670 971 756 παρὰ
992 672 1032 735 de
1056 675 1268 757 sequentibus

164 759 269 819 verbis
285 758 461 838 judicavit:
484 758 646 839 Inter-pres.-
668 756 810 817 deforme
831 756 930 834 idem,
961 759 1040 839 quia
1061 771 1161 819 extra
1181 781 1267 819 usum

164 866 273 917 suum,
297 844 404 901 fuerit.
446 843 493 902 At
508 845 585 901 enim
597 846 654 901 isto
669 838 737 901 loco
753 864 812 901 non
825 844 889 923 ogit
903 841 940 901 de
957 842 1096 903 utilitate
1110 860 1141 903 et
1157 868 1215 905 usu
1225 870 1269 905 rc-

165 954 244 1000 sum,
267 926 318 987 sed
332 925 368 987 de
376 924 596 1008 pulchritudine
610 928 766 1008 unicuique
777 930 819 986 rei
830 930 974 1007 propriss3
995 951 1096 1011 neque
1117 924 1172 1006 id,
1196 928 1270 1013 quod

91 1066 94 1073 .
163 1012 266 1073 inutile
282 1028 341 1088 est,
368 1028 523 1094 propterea
544 1014 632 1069 etium
652 1025 693 1069 est
709 1026 794 1093 turpe
810 1010 1054 1095 utquedfforme.
1102 1012 1269 1075 Paeanem

163 1100 274 1177 igitur,
297 1094 399 1178 παρὰ
420 1096 488 1175 τὴν
508 1100 665 1175 χρῆσιν,
688 1114 745 1174 per
765 1116 875 1170 usum,
898 1120 957 1155 esse
971 1094 1151 1177 glossema,
1185 1098 1225 1159 ud
1240 1120 1268 1159 eo

163 1181 363 1261 adscriptum,
386 1180 565 1263 quiquidem
578 1179 670 1263 probe
683 1194 804 1254 teneret,
828 1204 872 1239 res
887 1204 943 1239 usu
955 1194 984 1239 et
991 1204 1050 1263 per
1062 1200 1157 1243 u'sum
1174 1182 1267 1329 dm·-

162 1292 221 1325 mes
237 1265 340 1347 reddi3
361 1265 413 1325 scd
426 1264 591 1323 adnexum
609 1280 637 1324 et
659 1267 864 1324 sententiarum
889 1265 991 1323 seriem
1009 1288 1076 1325 nors
1100 1255 1186 1327 seiten
1256 1308 1265 1329 .
1307 1328 1310 1334 ,

162 1352 225 1409 His
238 1352 333 1409 etism
351 1349 485 1412 Censori
502 1348 634 1409 Jencnsi
651 1348 795 1427 probatis
809 1347 855 1407 ita
872 1368 933 1431 ego
948 1344 1148 1429 subscribo,
1172 1366 1265 1413 utta-

163 1456 235 1494 men
255 1429 294 1494 de
306 1433 445 1493 consilio
463 1446 494 1493 et
509 1454 604 1493 sensu
621 1430 789 1492 verborum
805 1432 888 1512 παρὰ
899 1430 954 1514 τὴν
966 1442 1085 1517 χρῆσιν
1100 1436 1199 1499 aliter
1209 1450 1265 1495 sta·

163 1534 260 1581 tuam.
304 1516 475 1598 Adscripta
488 1531 563 1575 sunt
577 1515 713 1599 margini
730 1517 870 1578 anescio
885 1537 966 1599 quo,
992 1520 1053 1599 qui
1071 1522 1262 1581 vocabulum

163 1595 287 1676 ἀκαλλὲς
298 1600 440 1661 indicare
458 1606 554 1661 vellet
568 1622 636 1661 esse
650 1597 734 1683 rcapti
747 1598 802 1681 τὴν
815 1608 938 1683 χρῆσιν,
957 1619 1082 1685 proeter-
1098 1630 1188 1667 usum
1200 1602 1262 1667 uul-

159 1712 263 1770 garem
279 1685 309 1750 h.
319 1691 342 1749 l.
360 1684 535 1747 adhibitum.
550 1685 723 1747 ALuciano
740 1700 845 1746 nutem
858 1687 929 1765 ipso
944 1708 981 1747 ea
997 1688 1102 1749 verba
1118 1711 1187 1751 nou
1202 1707 1262 1751 essa

165 1773 322 1853 profecte,
345 1775 397 1831 vel
411 1769 488 1831 inde
503 1769 631 1852 probari
649 1784 767 1850 potest,
791 1770 879 1853 quod
894 1772 1075 1853 variasper
1089 1772 1262 1859 sequidem

163 1856 338 1917 admittunt
352 1854 582 1937 interpretandi
597 1856 759 1933 rationes,
782 1859 902 1915 nullam
926 1876 1020 1933 vero,
1054 1878 1147 1939 quac
1170 1854 1261 1919 mensi

161 1939 303 2001 auctoris
318 1940 396 2000 satis
416 1940 598 2004 conveniat.
643 1938 738 2001 Unde
758 1941 854 2001 etism
874 1941 954 2003 mire
974 1962 1009 2003 se
1027 1952 1204 2007 torserunt
1218 1941 1259 2001 ia·

162 2039 333 2107 terpretes,
357 2022 539 2108 quaerendo
559 2026 695 2105 aliquam
711 2025 885 2100 rationem,
916 2046 998 2107 quae
1021 2026 1165 2093 tolerari
1186 2046 1261 2111 quo-

162 2109 331 2170 dammodo
350 2121 470 2191 posset.
513 2107 681 2193 Micyllus:
718 2108 898 2191 deformes'd
915 2114 928 2172 ἰ
946 2134 1011 2169 sum
1033 2114 1097 2171 u'su
1119 2110 1257 2173 reddetur.

165 2194 306 2256 Gesnerus
317 2196 413 2275 longe
429 2191 540 2265 aliter,
563 2209 601 2253 ut
614 2192 724 2255 videre
739 2196 825 2254 licet.
869 2136 968 2257 Beda.
991 2192 1049 2257 elle
1077 2194 1196 2257 dem'em
1214 2198 1259 2257 ia-

153 2280 260 2365 sorme
277 2300 336 2358 par
354 2277 382 2337 Ie
399 2280 533 2337 mcuvuis
555 2301 643 2359 usage
656 2278 766 2360 auquel
779 2303 817 2339 on
832 2278 853 2341 l'
870 2278 1002 2361 emplos‘e.
1052 2278 1210 2347 Wieluad.
1228 2302 1258 2341 so

161 2362 238 2422 nurci
251 2386 281 2421 es
292 2359 440 2435 hiisslich,
464 2360 531 2421 weil
541 2385 571 2420 es
584 2385 624 2420 au
639 2366 728 2421 einem
746 2363 817 2423 Orte
828 2364 919 2442 steht,
951 2386 997 2424 wo
1020 2388 1051 2425 es
1075 2370 1193 2429 unnr's'iz
1210 2368 1258 2441 itt,

163 2446 234 2507 oder
249 2444 328 2505 deine
339 2461 409 2527 gute
429 2443 571 2527 Wirdurrg
590 2444 664 2507 titur.
710 2446 909 2517 Vocabulum
922 2463 1028 2509 autem
1042 2442 1198 2531 οἷκαλλὴς,
1217 2462 1258 2511 ot-

165 2531 193 2589 si
208 2529 295 2591 haud
308 2527 487 2610 improbum
501 2550 559 2611 per
574 2550 625 2606 se,
649 2545 752 2591 tamen
775 2555 881 2614 neque
902 2530 986 2614 apud
1005 2532 1185 2595 Lucicnum
1204 2552 1261 2593 no-

165 2628 281 2689 strum,
307 2611 393 2695 quod
407 2613 515 2691 sciam,
538 2634 670 2696 usquam
687 2616 765 2675 alibi
784 2619 934 2697 occurrit,
957 2636 1065 2698 nequo
1079 2616 1169 2701 apud
1183 2618 1258 2679 alios

165 2698 338 2777 scriptores
359 2699 553 2779 saepissime.
598 2698 765 2785 Hesychius
782 2717 906 2764 tament
936 2697 1081 2775 exsuti·
1112 2700 1258 2785 ἄμορφον.

164 2784 210 2844 Et
223 2781 262 2843 de
278 2784 479 2864 superiorum
496 2782 661 2844 verborum
677 2807 787 2861 sensu,
811 2810 903 2870 quem
918 2806 993 2847 sanc
1008 2805 1111 2867 prava
1127 2786 1258 2849 distinc-

163 2868 230 2942 tio,
255 2867 403 2929 omnibus
424 2865 508 2930 Edd.
525 2868 686 2929 veteribus
711 2872 906 2943 communis,
930 2870 1143 2945 obscuravit,
1165 2886 1200 2935 ct
1215 2870 1259 2931 ia·

163 2968 316 3032 terpretes
331 2952 503 3032 plurimos,
527 2968 564 3012 ut
578 2956 658 3013 falso
672 2968 851 3031 verterent,
872 2954 1020 3025 seduxit,
1044 2969 1136 3017 recte
1148 2956 1258 3017 statuit

162 3036 351 3119 liudolphus.
395 3037 512 3096 Sensus
527 3051 595 3099 est:
617 3036 694 3101 Jede
715 3038 816 3100 sache
831 3038 887 3099 hat
899 3040 968 3101 ihre
984 3038 1258 3123 eigcnthiirnlishc

163 3120 359 3181 Sebonheit:
381 3134 490 3203 mengt
503 3142 574 3180 man
590 3120 636 3182 sie
649 3120 723 3181 aber
738 3123 771 3181 in
787 3122 957 3199 einander,
981 3145 1018 3184 so
1035 3122 1127 3185 wird
1142 3122 1259 3187 dessal-

163 3204 204 3264 be
228 3204 384 3281 hisslich‚
409 3210 498 3281 (was
525 3204 643 3266 vorher
662 3207 763 3268 scirdn
787 3210 887 3285 war).
932 3208 1135 3277 conferatur
1154 3210 1257 3294 imago

161 3290 314 3351 Herculis
330 3304 362 3351 et
378 3288 550 3369 Omphales
562 3310 656 3372 supra
674 3289 841 3375 descripta.
864 3295 984 3355 Leuat.

247 3374 489 3457 ch.180.1.2.
516 3368 750 3459 Ἀριστοβούλου
770 3415 814 3425 -
834 3372 1031 3463 γράψαντος)
1058 3376 1159 3463 Angl.
1177 3370 1259 3521 'Aps-

163 3456 326 3542 στόβουλος
343 3456 475 3547 γράψας.
497 3458 629 3522 Bonan.
673 3459 738 3520 Adi
762 3462 850 3531 Voss.
874 3462 913 3525 de
938 3464 1025 3527 Hier.
1050 3462 1109 3523 Gr.
1131 3464 1207 3523 Lau
1229 3474 1259 3523 at

58 3556 61 3561 '
162 3543 250 3605 hunc
265 3544 346 3610 Plus.
361 3546 395 3603 in
414 3548 504 3613 Alex,'
526 3550 652 3625 et584,
672 3555 700 3611 1.
723 3545 811 3608 unde
834 3549 955 3628 liquet,
983 3546 1151 3614 exstitisse
1174 3535 1272 3610 illias'

162 3649 279 3690 novam
296 3643 328 3689 et
343 3630 381 3691 ab
398 3628 457 3688 hac
473 3628 628 3690 diversam
644 3630 820 3695 historiam.
851 3632 961 3695 Strabo
973 3632 1069 3694 etiarn
1083 3632 1158 3697 XV.
1175 3653 1207 3713 p.
1220 3652 1257 3693 m.

162 3719 236 3781 494.
252 3714 289 3779 Α.
305 3715 382 3777 Vid.
400 3729 432 3775 et
447 3720 527 3789 608,
549 3722 576 3781 1.
602 3715 740 3796 ejusdem
761 3718 796 3776 P.
819 3717 946 3780 Sonsu.
989 3716 1141 3778 Facessat
1162 3713 1258 3779 lectio

164 3798 342 3874 Codicum,
366 3799 600 3863 nominativum
620 3800 885 3879 exprimentium:
908 3802 967 3863 etsi
983 3800 1070 3863 enim
1085 3797 1259 3863 nominati-

163 3883 197 3943 vi
215 3881 356 3945 absoluti
371 3887 515 3961 exemplo
532 3904 597 3943 non
615 3883 738 3960 desint,
762 3900 867 3947 tamen
885 3888 962 3969 quia
980 3883 1079 3945 iidem
1097 3865 1177 3946 iibri
1189 3878 1260 3951 sisu·

163 3963 289 4053 pvdusog
304 3988 370 4027 non
387 3980 530 4041 mutant,
554 3966 632 4028 hinc
646 3990 704 4028 nec
718 3969 913 4053 γράψαντος,
935 3966 1260 4054 nso’Apsorodcdim

164 4049 351 4117 mutandum
364 4065 448 4132 erat;
472 4072 538 4113 non
556 4052 641 4115 enim
657 4053 840 4118 Alexander
851 4054 997 4139 legebat,
1020 4052 1077 4123 scd
1092 4053 1165 4139 ips·
1183 4052 1262 4127 Ati·

1129 4315 1134 4327 s

979 4358 985 4369 Ι
1071 4367 1077 4378 ,
1131 4357 1202 4420 πειιιξτὶ
1217 4381 1257 4408 ..Ι
1279 4365 1282 4376 ι

1240 4537 1280 4558 ,Α
