2634 4680
322 290 364 337 ru
390 287 516 335 vnnsn
544 282 744 337 mesonma
768 288 840 337 nra.
868 293 893 339 r.
1080 273 1155 345 641

59 435 160 498 bitrio
176 434 211 495 in
232 433 284 496 hir
299 455 409 519 egere,
433 455 504 495 cum
520 431 588 493 anti
602 431 738 513 raissimi
754 433 892 497 Codices
906 436 1040 517 spiritus
1058 453 1091 500 et
1107 463 1158 502 ac·

58 535 172 582 centus
189 520 360 603 ignorent,
384 517 502 581 dehinc
516 528 641 600 regulas
655 518 883 595 Grammaticis
900 521 1156 599 observabimus,

57 625 171 686 parum
185 620 343 683 curantes,
369 601 447 685 quid
464 601 587 663 scribae
602 600 666 662 sibi
679 598 873 683 indulserint
887 605 920 665 iu
934 605 984 665 his
996 608 1156 685 minutiis,

59 688 183 751 Confer
198 703 304 751 tamen
322 709 418 770 supra
441 709 458 747 a
480 707 529 747 me
546 683 633 746 dicta
651 684 690 747 ad
704 708 730 750 c.
746 696 800 756 88.
846 711 931 755 uom.
947 712 1066 757 conset.
1082 693 1160 773 bist.

33 778 288 841 'etmoxc.15.
333 773 482 835 Ceterum
496 764 606 845 αὗτοῦς
619 792 679 852 pro
691 770 817 847 ἕνοτούς
855 773 885 832 ic
899 779 986 835 valet
997 797 1057 857 pro
1070 770 1159 858 ἡμᾶς,

56 862 111 919 vel
127 856 207 940 ἡμᾶς
224 851 345 932 αὐτούς.
389 857 581 937 Exemplum
603 876 701 915 unum
717 854 807 918 dedit
821 856 862 916 L.
878 856 959 934 Bos,
983 860 1045 920 etsi
1068 863 1160 923 aliud

58 964 174 1026 agens,
207 941 247 1002 ad
271 942 344 1006 Act.
370 938 487 1022 Apost.
511 938 743 1015 XXV111‚16.
765 962 805 1001 ex
825 939 850 1001 Ῑ.
867 942 946 1025 Reg.
959 943 1088 1021 XXVI,
1111 957 1160 1015 11.

58 1024 240 1107 ἀπέλθωμεν
253 1021 340 1107 ἡμεῖς
354 1018 432 1089 καθ’
449 1020 588 1099 ἑαυτούς.
631 1024 774 1108 Reliqua
784 1024 890 1099 enim,
915 1049 997 1106 quae
1011 1028 1090 1094 ibid.
1106 1030 1161 1091 ad

58 1112 124 1171 fert
138 1110 178 1170 ad
196 1102 495 1186 demonstrandum,
518 1101 594 1183 καθ’
609 1106 719 1175 {eorde
735 1107 918 1193 significare
931 1135 985 1192 per
997 1137 1044 1190 se,
1067 1139 1161 1197 sepo-7

59 1198 167 1272 ratim,
189 1218 328 1271 seorsum,
351 1193 416 1253 buo
430 1213 497 1252 nou
510 1192 684 1274 pertinent,
707 1195 784 1277 quia
796 1194 909 1256 tertiae
921 1216 1076 1276 personae
1093 1222 1162 1261 ver.

58 1278 95 1337 bi
109 1283 305 1364 junguntur,
327 1279 362 1338 in
378 1276 441 1339 hoc
459 1291 564 1339 autem
581 1276 703 1357 primae
715 1280 810 1339 etiam
826 1299 926 1362 aeque
942 1300 980 1340 ac
996 1281 1031 1341 iu
1046 1280 1161 1343 Lucio·

59 1387 99 1424 no
118 1362 305 1446 adjunctum
323 1377 382 1426 est.
423 1359 516 1423 Adde
539 1362 664 1444 Catapl.
681 1367 711 1439 0.
728 1368 758 1429 9.
780 1365 833 1429 καὶ
854 1370 958 1446 μνῆμα
972 1358 1161 1448 ἑαυτῷ-παμ-

58 1450 184 1531 μέγεθες
201 1442 387 1528 circumiere,
415 1441 593 1533 ἐπιγρᾶψῳ·
624 1446 682 1505 ubi
707 1449 805 1535 ἑαυτῷ
827 1449 922 1509 etiam
943 1471 1000 1532 pro
1023 1453 1159 1533 ἐμαυτῷ,

59 1535 139 1593 licet
154 1532 284 1595 Solonio
296 1532 330 1593 id
348 1545 505 1601 mutatum
520 1532 609 1594 velit.
652 1528 742 1593 Idem
758 1546 826 1594 erat
845 1533 879 1592 in
893 1537 1061 1595 nonnullis
1076 1535 1160 1601 Edd.

60 1618 96 1675 in
114 1615 153 1678 de
166 1617 310 1680 Merced.
325 1614 417 1679 cond.
436 1622 466 1693 0.
479 1624 531 1686 80.
574 1614 638 1680 Sed
653 1617 729 1698 quia
744 1616 825 1681 aliae
839 1616 922 1682 Edd.
940 1634 971 1681 et
989 1619 1092 1681 Codd.
1110 1621 1160 1681 ibi

10 1690 14 1727 ²
60 1700 223 1763 habebant
238 1700 385 1786 ἐμαυτὸν,
409 1700 472 1761 hoc
485 1700 674 1781 recepimus.
717 1702 815 1769 Licet
833 1703 964 1765 enimet
981 1703 1028 1764 ibi
1046 1710 1162 1767 tolera·

12 1776 17 1811 ²
59 1785 126 1847 bile
143 1787 268 1849 dixeris
284 1784 411 1861 ἑαυτὸν,
435 1800 539 1847 tameo
554 1806 619 1845 nou
637 1806 761 1866 semper
775 1785 886 1848 eodem
901 1787 1003 1860 redit3
1028 1811 1100 1869 cum
1112 1792 1162 1872 ip·

62 1866 157 1935 αυτὸν
174 1870 335 1933 interdum
355 1869 498 1953 ambigui
514 1867 640 1929 vitandi
662 1871 765 1952 gratia
779 1870 1025 1951 praeferendum
1039 1874 1104 1955 ait,
1125 1888 1163 1938 ut
1276 1902 1279 1907 ·

10 1977 13 2025 ξ
61 1954 127 2019 vid.
144 1954 183 2015 ad
197 1955 358 2017 Herodoti
374 1956 443 2015 sive
459 1952 608 2013 Aetionis
624 1975 691 2034 cap.
707 1959 765 2015 ult.
787 1956 912 2016 Item.

14 2098 17 2105 ,
147 2039 260 2103 Eadl.
278 2047 309 2107 9.
333 2034 631 2121 Προςοχὸντες]
653 2040 693 2099 Iu
717 2039 882 2121 prioribus
901 2039 986 2105 Edd.
1010 2041 1163 2123 omnibus

13 2150 16 2157 ·
63 2124 170 2184 minus
184 2124 358 2208 diligenter
373 2124 528 2205 scriptum
544 2137 611 2183 erat
623 2118 822 2206 προσχόντες,
846 2124 933 2224 quod
950 2148 1048 2207 quum
1062 2128 1164 2190 offen·

10 2210 12 2247 ²
63 2209 150 2269 sioni
166 2224 248 2277 esset
263 2207 467 2284 Scbmiedero,
490 2222 677 2271 nontamen
692 2208 840 2271 dubitare
853 2230 881 2269 rs
895 2208 1040 2283 debebat,
1055 2228 1163 2275 utrum

61 2294 266 2376 προςὲχοντες.
289 2316 330 2355 an
341 2290 551 2376 προςοχόντες,
573 2291 796 2376 corrigendum
813 2309 904 2357 esset.
930 2296 1062 2357 Aoristo
1075 2299 1162 2359 enim

64 2400 146 2459 opus
168 2394 246 2441 erat.
291 2377 452 2456 Eandem,
483 2381 536 2438 vel
553 2377 693 2461 ejusdem
719 2379 864 2461 generis,
887 2378 1109 2463 librariorum,
1130 2395 1165 2445 et

61 2463 251 2537 Editorum,
276 2463 506 2547 negligentia-m
522 2462 556 2523 in
577 2462 735 2544 Sophoclis
751 2462 866 2544 oedip.
880 2464 962 2547 Reg.
980 2487 1010 2529 v.
1025 2473 1076 2533 79.
1090 2488 1165 2529 cor-

63 2562 218 2608 rexerunt
226 2546 363 2633 Erfurdt.
374 2561 406 2611 et
414 2539 567 2633 Schogfer.
585 2568 644 2628 pro
656 2552 869 2630 rrpooreixovro
883 2549 1059 2613 scribentes
1073 2577 1167 2632 προς.

64 2635 227 2713 στείχοντα.
260 2630 343 2692 Vide
360 2629 497 2693 eundem
514 2630 667 2715 Soboqfer.
681 2629 719 2691 ad
735 2630 850 2695 Julian.
865 2653 897 2714 p.
912 2634 1020 2698 XXII.
1043 2636 1165 2698 Lunna.

148 2714 226 2778 Eud.
249 2719 272 2775 l.
290 2723 338 2780 tt.
359 2706 489 2793 Αὐτῶν)
512 2712 702 2798 Legeudum
724 2714 853 2776 videtur
875 2714 986 2795 αὐτοῦ,
1013 2718 1072 2795 idi,
1102 2720 1166 2781 uiri

64 2819 194 2883 prorsus
211 2799 302 2859 malis
317 2797 492 2862 obliterari.
516 2798 642 2862 Sonam.
684 2798 810 2879 Neutra
822 2800 905 2862 ratio
919 2805 1035 2882 placet.
1056 2800 1167 2885 ,Ἦμοῖν

66 2877 167 2947 αὐτῶν
184 2883 316 2963 pluralis
334 2897 382 2945 ert
398 2882 488 2967 uocis
506 2885 640 2963 ἐμαυτοῦ
646 2929 656 2960 ,
679 2886 798 2970 ἐμαυτῷ
804 2929 814 2958 ,
837 2883 983 2965 ἐμαυτὸν,
1006 2901 1040 2955 et
1062 2893 1165 2955 valett

65 2993 107 3029 ex
122 2971 194 3049 ipsis
206 2968 305 3046 nobis,
329 2992 370 3029 ex
392 2970 521 3050 ipsorum
536 2984 667 3030 noslnrm
681 2977 816 3045 numero,
839 2990 895 3031 aur
910 2992 1041 3034 unseret·
1054 2974 1166 3037 Mitte.

64 3054 182 3135 Neque
206 3052 286 3117 adeo
308 3050 479 3141 redundat.
494 3046 615 3133 αὐτῶν,
648 3075 754 3139 neque
773 3047 873 3131 αὐτοῦ
893 3055 1165 3133 substituendum.

63 3138 183 3201 Lentu.
333 3138 338 3143 ’

150 3223 229 3290 Eud.
245 3226 269 3286 l.
287 3230 337 3293 12
361 3218 535 3308 Ἄνελθεῖν)
558 3223 613 3286 Sic
637 3226 674 3289 P.
698 3209 837 3304 rectius,
862 3247 957 3311 quam
977 3224 1167 3306 ἐπανελθεῖν,

65 3305 154 3393 quod
171 3310 206 3368 iu
222 3309 372 3371 omnibus
386 3309 552 3391 impressis
565 3311 703 3391 reperio.
726 3313 856 3375 Sonam.
889 3368 892 3375 ,
1030 3362 1034 3367 .

151 3391 225 3476 Peg.
242 3399 315 3475 285ς
330 3397 352 3458 l.
368 3401 400 3459 2.
425 3394 571 3474 Χαλκοῦ)
600 3390 777 3457 Genitivus
797 3395 967 3474 materiae,
991 3410 1029 3471 ut
1048 3396 1167 3458 Gram-

64 3478 176 3538 matici
191 3483 300 3558 ajunt,
322 3491 360 3538 ut
375 3499 450 3540 mox
463 3487 492 3547 2.
510 3478 582 3541 Ver.
599 3479 686 3545 Hist.
703 3500 731 3543 c.
747 3488 799 3550 88.
819 3476 951 3561 κεράμου
966 3484 1165 3564 πεποιημένη.

67 3564 121 3627 Sic
136 3563 237 3645 Long.
252 3564 343 3623 Paat..
354 3563 427 3642 III,
447 3571 519 3632 109.
531 3559 636 3651 πήραν
648 3560 767 3651 ἐλάφου
774 3609 788 3641 2
804 3589 908 3647 perum
921 3565 1024 3650 apelle
1034 3571 1164 3635 cervino.

69 3648 194 3708 Theocr.
218 3646 331 3727 Eidyl.
355 3652 407 3716 25.
432 3652 492 3728 (sl.
510 3654 586 3730 26.)
601 3672 631 3715 v.
643 3656 715 3718 206.
736 3647 870 3732 βάκτρον
889 3652 1066 3733 &recipior
1085 3654 1168 3717 aori·

66 3757 149 3798 νοιο.
191 3731 254 3794 Sed
268 3731 557 3810 haecnimisnota.
586 3733 806 3819 Confitamen
822 3733 930 3797 fratris
950 3734 986 3801 G.
1005 3734 1169 3809 0..-Reirsit

65 3816 156 3900 eug.
174 3819 287 3879 Graec.
299 3838 336 3899 pf,
349 3824 424 3885 322.
468 3820 550 3899 Vere
562 3832 674 3899 ¹autem
690 3834 739 3880 est
758 3820 884 3903 ellipsis
904 3820 1078 3903 praeposit.
1094 3816 1167 3897 aiud,

67 3921 163 4004 quam
182 3903 290 3964 Noster
308 3901 388 3963 alibi
411 3901 517 3981 addit,
541 3918 579 3965 ut
594 3902 630 3964 in
650 3904 755 3969 Asino
770 3926 799 3968 c.
814 3911 866 3975 53.
884 3908 969 3987 κλίνη
994 3896 1168 3990 οἷν-μεγάλη

65 3982 128 4049 orci
149 3983 283 4069 χελώνης
300 3979 437 4070 Ἰνδικῆς
465 3989 666 4073 πεποιημένη.
710 3988 772 4055 Vel
790 3989 901 4073 potius
923 3989 1026 4077 ellips.
1046 3999 1104 4057 coti
1125 3992 1167 4057 ls-

67 4068 144 4134 Vid.
160 4070 239 4131 Jeru.
252 4070 347 4135 Lact.
362 4072 448 4138 Luc.
460 4095 492 4159 p.
506 4080 582 4145 844.
611 4074 738 4140 Rsrrz.
941 4140 944 4147 ,
970 4142 975 4150 ,

100 4172 215 4223 Luciam
234 4168 296 4225 Vol.
314 4174 368 4225 W·
541 4232 551 4241 ,
916 4158 961 4221 S!
