2634 4680
262 306 298 354 m
328 300 509 363 orouono
537 300 713 348 nrsrortrt
740 262 798 350 sir
823 301 971 351 corusca.
1089 282 1165 360 561

65 458 129 519 mia
144 457 249 529 foret,
271 450 357 513 nihil
378 451 413 511 iu
430 462 523 510 textu
543 448 695 523 immuto,
718 447 909 510 allusionem
928 461 1072 528 tantum,
1095 473 1163 518 non

64 542 304 616 recitationem,
332 556 400 596 esse
423 532 566 596 credens.
588 532 712 592 Rama.
754 531 806 591 Ad
821 533 960 593 nobilem
976 533 1064 597 huno
1085 559 1166 599 cnr-

63 650 133 686 sum
150 624 294 685 allusisse
308 620 390 679 mihi
406 617 534 679 videtur
549 618 646 679 etiarn
662 616 753 678 Pluto
767 614 936 679 Theaetet.
951 639 1024 702 pag.
1039 628 1108 689 114,
1123 628 1163 688 Τ,

63 711 198 790 11.Bip.
242 703 341 790 Quod
354 717 459 763 autem
475 722 583 762 versus
600 701 767 761 Homerici
786 715 907 783 partem
924 705 1052 783 attulit,
1073 708 1108 767 in
1123 730 1166 770 ao

63 793 151 855 haud
167 814 294 873 parvum
310 790 376 850 rim
392 808 460 847 esse
483 786 599 848 sentio.
641 787 751 845 Docet
764 787 851 844 enim
868 786 931 862 ita,
955 785 1040 849 haud
1055 811 1164 852 recen·

61 896 125 938 tem
144 900 210 939 esse
228 873 484 936 observationem
493 914 505 944 ,
529 891 624 953 quam
648 868 768 948 objecit
787 868 945 931 historico
966 871 1074 954 inepte
1097 874 1166 937 fin.

62 963 171 1046 genti,
195 960 248 1022 sed
262 964 325 1040 jam
341 955 474 1016 Homero
490 970 608 1018 notam.
653 953 756 1015 Simul
771 954 957 1035 apparebat,
983 974 1101 1037 quauta
1117 965 1164 1021 le·

61 1050 164 1109 vitate
181 1048 356 1105 Homerum
380 1040 566 1121 perlegisset
589 1040 634 1116 is,
667 1039 726 1120 qui
749 1037 905 1121 exemplis
928 1060 969 1100 ex
990 1061 1030 1102 eo
1049 1046 1166 1124 petitis

60 1154 119 1192 sua
132 1130 282 1190 studebat
296 1125 505 1207 distinguere.
528 1125 621 1186 nun.

147 1214 224 1276 End.
238 1218 260 1273 l.
279 1216 310 1279 6.
330 1205 425 1290 ’Υπὲρ
441 1206 539 1273 αὐτοῦ
549 1234 578 1271 τι
592 1208 679 1292 dyst.)
699 1209 867 1271 Attianum
879 1205 1081 1286 imitabatur,
1102 1214 1163 1298 qni
1272 1284 1275 1297 ἶ

62 1300 160 1360 initio
176 1298 251 1359 libri
266 1296 305 1357 de
323 1296 419 1379 gestis
436 1292 612 1354 Alexandri
632 1292 786 1373 seipsum
801 1289 879 1372 μάλα
902 1303 1056 1373 φορτικῶς
1075 1300 1163 1364 ἐπαι-

61 1395 117 1449 νεῖ.
138 1386 194 1444 LA
210 1382 336 1443 Crtoza.
380 1374 503 1448 Αὐτοῦ,
528 1375 616 1459 quod
628 1378 663 1437 in
678 1376 761 1439 Edd.
779 1376 833 1437 hic
845 1378 1028 1461 legebatur,
1052 1381 1087 1442 in
1108 1380 1161 1450 αὖ.

61 1476 119 1534 τοῦ
133 1465 320 1528 mutandum
339 1485 424 1539 esse,
456 1463 537 1523 bene
555 1463 684 1523 monuit
700 1461 832 1523 Belinus.
855 1464 928 1525 Brr.
972 1460 1078 1531 Au‘rotl
1097 1470 1160 1550 jam

62 1554 189 1637 reperio
204 1553 237 1611 iu
253 1552 290 1612 Β.
310 1558 337 1616 1.
352 1559 382 1618 3.
397 1564 428 1610 et
444 1549 480 1612 A.
494 1555 525 1612 2.
568 1546 642 1607 Una
665 1568 683 1609 e
698 1547 861 1607 veteribus
877 1548 955 1608 meis
969 1549 1095 1630 Edita,
1119 1555 1160 1618 A.

65 1649 114 1717 1.,
139 1659 233 1719 quam
246 1634 381 1696 Reitzius
401 1631 581 1711 interdum,
603 1652 669 1692 non
685 1631 810 1692 collatis
830 1632 920 1713 aliis,
941 1649 1070 1696 secutus
1093 1652 1161 1722 est,

60 1718 157 1789 αὐτοῦ
172 1720 315 1783 exhibet.
337 1722 456 1781 Larrnr.

146 1806 224 1869 Eat.
239 1809 261 1866 1.
275 1811 306 1870 9.
335 1800 506 1885 Φροιμίου)
533 1800 599 1861 Ubi
615 1802 650 1862 in
675 1800 824 1861 omnibus
845 1797 919 1863 aliis
941 1799 1159 1887 editionibus,

61 1893 110 1953 uti
129 1908 160 1954 et
178 1893 210 1948 in
228 1890 289 1950 hac
307 1888 511 1947 Salmuriensi
520 1933 529 1961 ,
550 1901 635 1947 recte
648 1890 772 1968 legatur
786 1887 834 1950 tul
848 1888 923 1951 τίίει
934 1894 990 1952 τοῦ
1002 1897 1158 1972 φροιμίου,

62 1979 125 2038 soli
138 1971 461 2035 Amstelaedamensis
474 1970 630 2030 editionis
645 1984 868 2055 procuratores
885 1970 1043 2033 dederunt
1055 1974 1163 2056 ιῑροοο.

60 2068 151 2145 μίου,
178 2058 282 2140 ignari
297 2057 436 2132 scilicet,
460 2055 598 2116 Graecos
615 2071 647 2116 et
661 2058 826 2136 προοίμιον
838 2069 871 2116 et
883 2059 1030 2139 φροίμιον
1043 2057 1159 2136 dicere,

62 2162 95 2208 et
120 2146 290 2205 Lucianum
315 2143 412 2202 etiam
435 2160 528 2221 saepe
549 2138 626 2199 alibi
648 2139 712 2200 hoc
734 2139 892 2204 maluisse.
922 2141 1017 2205 Jarrs.
1061 2144 1159 2207 Nihil

59 2229 254 2292 variationis
267 2227 322 2286 bic
336 2226 401 2285 loci
415 2239 583 2285 notaverat
596 2223 701 2286 Solon.
745 2223 825 2283 Cum
841 2245 917 2285 vero
933 2225 1048 2289 Jensius
1062 2228 1159 2308 dicat,

60 2319 162 2376 sclam
176 2314 278 2373 Amst.
293 2316 398 2395 legere
411 2313 584 2391 apompeius,
609 2310 679 2389 ipse
692 2307 775 2369 Edd.
792 2309 927 2386 contuli,
945 2311 1078 2395 vidique
1094 2336 1162 2377 reo.

62 2416 94 2461 te
115 2399 203 2457 hunc
225 2395 425 2473 observasse,
449 2394 533 2455 Edd.
554 2408 633 2455 vett.
650 2392 765 2455 habere
782 2398 944 2474 φροιμίου·
967 2413 1099 2479 excepta
1113 2414 1161 2460 ta·

61 2506 133 2544 men
151 2483 246 2542 etiarn
263 2480 426 2555 Parisino,
452 2500 533 2562 quae
551 2499 650 2562 aeque
672 2500 708 2538 ac
730 2480 833 2541 Amat.
857 2484 1020 2561 προοιμίου
1043 2483 1158 2550 habeta

61 2566 149 2653 quod
165 2566 294 2648 quidem
310 2586 376 2623 non
394 2564 468 2625 ideo
486 2578 577 2636 noto,
601 2575 637 2621 ut
651 2585 721 2622 eum
738 2561 923 2644 redarguam
939 2566 973 2623 in
988 2588 1022 2626 re
1037 2569 1160 2629 nullius

61 2651 234 2722 momenti,
259 2647 314 2709 red
332 2663 369 2707 ut
386 2646 581 2707 Graes-ianam
595 2644 787 2721 editionem,
810 2647 935 2728 alioqui
953 2650 1088 2729 pessime
1104 2651 1161 2712 ha.

62 2736 161 2794 bitem
189 2755 207 2792 a
229 2729 443 2814 typographis
466 2746 499 2790 et
523 2728 776 2806 correctoribus,
808 2728 866 2791 bic
886 2730 1051 2808 excusem,
1083 2737 1161 2817 quia

62 2841 156 2879 suum
177 2820 339 2898 προοιμίου
361 2836 400 2873 ex
425 2816 496 2877 Par.
519 2812 682 2873 desumere
703 2827 847 2893 potuere.
891 2815 1026 2877 Rectius
1054 2833 1169 2881 autem·

62 2904 118 2964 lric
139 2917 269 2982 propter
289 2920 500 2975 consensum,
531 2901 678 2978 φροιμίου
697 2896 750 2955 edi
765 2911 884 2957 certum
902 2914 968 2974 est,
993 2901 1091 2986 idque
1104 2924 1164 2965 se-

65 3010 129 3070 que
144 2988 300 3048 Graecum
314 3005 381 3044 esse
397 3000 493 3065 atque
507 2986 651 3052 alterum,
661 2979 728 3042 vid.
743 2980 829 3063 apud
841 2982 982 3065 AescbyI.
999 2986 1160 3071 insigem.

64 3095 97 3155 p.
114 3080 185 3138 213.
203 3071 283 3131 etin
301 3070 413 3151 fragm.
431 3066 548 3130 Gallim.
565 3064 762 3147 Bentlrjanis,
784 3066 827 3130 N.
844 3066 1026 3132 CCXXIII.
1055 3080 1119 3137 Τοῦ
1130 3098 1164 3141 tt

63 3164 265 3240 μηθοπλῆγος
280 3159 425 3235 φροίμιον
435 3146 624 3233 Ἀντιλόχου.
647 3152 773 3211 Rasna.
813 3190 816 3197 ·

148 3240 228 3301 Idid.
258 3234 493 3320 Διαῤῥήδην
520 3239 584 3301 καί
613 3237 760 3316 σαφῶς]
791 3235 899 3322 Auget
927 3235 991 3300 boc
1017 3237 1160 3302 hominis

64 3325 314 3397 absurditatem,
340 3323 396 3405 qui
413 3337 521 3403 aperte
543 3319 768 3403 profitebatur,
782 3322 889 3403 ‚quod
905 3323 961 3383 alii
980 3326 1094 3386 callide
1109 3341 1162 3388 tc·

64 3433 138 3495 gere
160 3408 341 3472 studebant.
386 3408 485 3469 Immo
510 3427 584 3467 vero
604 3405 658 3466 hic
683 3420 814 3478 auctor,
844 3428 940 3490 quum
961 3429 1001 3467 ne
1022 3411 1160 3488 speciem

64 3496 194 3578 quidem
217 3496 285 3555 veri
311 3492 432 3573 scripto
460 3515 518 3553 suo
548 3490 724 3551 conciliare
746 3489 907 3568 studeret,
940 3492 975 3551 in
998 3491 1162 3556 historicis

64 3585 160 3662 plane
182 3601 248 3639 uon
273 3595 323 3639 est
346 3577 577 3651 numerandus,
607 3574 662 3635 sed
686 3575 726 3633 iis
746 3573 926 3635 fabularum
950 3577 1162 3656 scriptoribus
1238 3586 1252 3615 ⁸

63 3663 283 3745 adjiciendus,
306 3662 444 3742 quirem
468 3683 507 3723 ex
524 3659 660 3719 historia
678 3658 812 3739 petitam
832 3679 891 3719 suo
908 3659 1004 3720 modo
1027 3678 1162 3729 ornante

63 3753 175 3833 qualos
188 3762 297 3809 nostra
313 3746 409 3809 etiarn
423 3760 527 3807 astate
540 3745 729 3805 astiterunt.
752 3743 843 3807 Ruo.
881 3743 1171 3828 Hodiauusruquo.¹

62 3852 145 3915 (μοι,
157 3833 274 3915 spatio
291 3831 436 3917 quinque
450 3846 481 3892 et
497 3827 617 3911 viginti
635 3836 791 3895 annorum
805 3826 921 3889 abbae
935 3827 1093 3912 Ibrdolplri
1107 3831 1163 3892 ad·

8 3973 11 3983 .
60 3916 429 3999 aonamrtsmjeuo.
473 3913 537 3977 Sed
550 3915 675 3973 malunt
693 3908 881 3990 bodie-isti,
905 3933 987 3994 quas
1006 3924 1055 3976 est
1069 3917 1163 3996 ipso·

9 4004 14 4009 ’
53 4002 76 4029 ·’
108 3998 114 4009 ’
146 4008 154 4021 ”
298 4000 494 4077 'ancum
515 3995 641 4083 politis,
662 4014 758 4079 quarn
783 3994 968 4078 historicis,
990 4001 1161 4067 accenseri.

313 4094 326 4121 ,Ι

758 4122 761 4129 ,
812 4126 827 4143 ,,
883 4122 952 4231 Μ
