2634 4680
303 305 368 353 tn
420 299 912 355 nunuor'rruuu.
1083 279 1162 362 467

60 450 178 536 orirer,
203 451 347 534 κατέλαβε
361 445 570 528 δικαιοσύνην.
614 446 666 508 Ad
689 468 771 532 quae
790 439 887 511 verbs
903 449 943 517 L.
958 450 1022 514 Bos
1031 473 1068 536 p
1085 460 1159 527 114.

60 541 123 598 eit:
147 534 278 601 Διάκειν
294 534 424 617 proprie
439 534 575 610 dicitnr,
599 534 657 615 qui
672 534 850 616 fugientem
865 538 1085 621 persequitur:
1106 560 1166 607 uni

58 627 196 705 ταλαβεῖν
208 641 303 692 vero,
329 619 486 701 quicum,
509 637 602 699 quem
618 617 822 700 persequitur
836 620 932 682 celeri
950 617 1163 699 cursu,'ets'ui.²
1200 649 1201 653 ¹

58 705 238 788 prehendit.
291 704 371 763 Duo
392 703 471 764 heco
494 702 591 763 verba
614 705 743 784 juncte,
775 702 826 762 uti
850 702 920 780 hic,
953 703 1167 788 repeiidutdr

58 791 143 871 apud
162 790 312 852 Comicum
332 789 366 846 in
389 786 623 868 Thesmophor.
657 782 729 849 Ἔτ’
747 783 786 851 dv
807 786 1007 873 καταλάβοις,
1037 796 1064 857 εἰ
1084 791 1161 858 διά-

57 901 122 949 κεις
138 875 228 959 ταύτῃ
236 902 246 951 ;
260 873 390 936 *Adhuc
410 876 506 954 ipsum
528 869 799 954 comprehenderes,
829 874 856 933 si
869 876 1056 957 insequereris
1076 876 1167 946 hoe?
1229 900 1233 907 '

57 960 155 1042 Apud
173 962 263 1020 Dion.
286 957 393 1020 Helie.
411 957 451 1019 L.
467 956 507 1018 V.
526 977 558 1036 p.
573 964 645 1024 313·
668 953 736 1038 dni
751 953 910 1033 διώκοντες
924 957 1160 1045 κατελάμβανον.

58 1047 102 1104 Ει
123 1041 272 1105 Ανιεκιίδ.
298 1043 338 1104 L.
359 1040 387 1104 Ι.
412 1044 573 1124 pugnes.
597 1037 668 1106 οὐδὲ
685 1043 836 1123 δραπέτην
852 1039 972 1129 diuinus
985 1045 1157 1132 καταλάβοι.

59 1132 149 1190 Ηαεο
162 1129 228 1188 ille.
271 1125 327 1188 sic
339 1126 453 1204 Latini
465 1129 614 1209 persequi,
635 1147 694 1207 pro
703 1172 711 1200 ‚
735 1124 848 1187 hostili
861 1128 969 1188 animo
982 1126 1165 1213 fugientem¹

58 1213 229 1296 persequi,
255 1225 287 1270 et
304 1208 428 1292 aliquid
444 1209 555 1292 sequi,
582 1209 686 1271 donec
699 1210 867 1294 nequires,
899 1211 934 1271 in
954 1212 1165 1299 bonsm'peref

61 1313 144 1375 tem3
166 1296 232 1356 vid.
250 1295 407 1376 Ambigua
424 1310 551 1368 nostra,
576 1294 634 1354 ubi
652 1309 684 1357 et
706 1301 850 1376 exempla
873 1294 1026 1382 quaedem
1043 1296 1166 1363 (διτταί

62 1382 153 1442 verbi
176 1378 297 1446 διώκειν
318 1379 481 1455 dedimus,
520 1384 677 1460 pluraque
697 1384 760 1461 jam
783 1376 857 1442 dere
879 1400 1062 1463 possemus,
1098 1385 1165 1446 nisi

62 1467 141 1526 haec
155 1467 230 1526 setis
245 1480 321 1525 nota
337 1463 571 1528 arbitraremur.
615 1464 758 1525 Minime
773 1479 876 1526 tumen
891 1466 1036 1549 vulgaria
1053 1462 1162 1545 erent,

63 1573 145 1629 quae
161 1551 279 1612 ibidem
305 1573 344 1610 ex
372 1544 502 1619 doctiss.
526 1548 712 1609 consobrini
732 1550 894 1612 Abreschii
917 1551 1058 1617 Observa
1076 1548 1167 1616 tt'ad
1253 1616 1255 1621 ,

60 1637 190 1720 Hesych.
206 1634 345 1717 petenda
362 1633 594 1707 indicavimus3
621 1655 765 1716 quaeque
787 1634 960 1695 videantur
977 1637 1025 1695 in·
1040 1566 1164 1709 Obser-

62 1736 142 1779 vett.
161 1723 344 1781 Miscellen.
363 1718 401 1778 sb
423 1717 558 1778 eruditis
579 1720 747 1780 Britannis
771 1718 950 1798 inchoatis,
974 1721 1049 1800 Vol.
1066 1720 1105 1786 V.
1122 1724 1161 1788 T.

58 1805 124 1865 ΙΙΙ.
146 1805 224 1863 enni
242 1809 334 1872 1735.
352 1824 382 1883 p.
398 1808 448 1868 92.
472 1802 529 1861 ubi
556 1802 726 1881 docemur,
755 1802 877 1868 διώκειν
896 1805 1087 1887 generaliter
1110 1807 1162 1868 si·-

59 1889 212 1970 gnificere
227 1888 495 1964 celeritercurrere,·
517 1886 661 1969 adeoque
676 1886 835 1948 interdum
854 1889 948 1949 etism
964 1887 1176 1975 defugiente.

59 1973 145 2046 dici,
170 1976 260 2033 velut
273 1973 404 2055 Hesych.
432 1971 552 2037 διώκειν
574 1974 671 2032 etiem
697 1971 941 2053 interpretetur,
972 1967 1162 2082 prd'dppqg

61 2055 204 2141 φεύγειν,
227 2078 263 2116 ec
289 2054 425 2140 Thueyd.
443 2056 534 2118 VIII.
554 2079 580 2119 c·
599 2065 670 2125 102.
702 2054 765 2136 Τὴν
785 2061 887 2134 δίωξιν
901 2053 994 2134 sidric
1013 2056 1162 2143 ποιούιὶεὲ

57 2163 126 2206 ναι·
172 2140 258 2226 quod
284 2142 358 2199 aliis
383 2143 541 2223 exemplis
571 2142 687 2222 probat
717 2142 800 2203 idern
828 2142 1012 2206 Abreschius
1039 2130 1163 2208 ibideni

55 2231 180 2288 Rnrrz.
227 2225 324 2308 Quod
350 2223 446 2285 modo
470 2241 701 2307 praecesserat,
737 2225 875 2310 αἱρήσειν
902 2226 1041 2302 διώκων,
1074 2220 1165 2309 (ubi'

56 2310 274 2372 animadverte
291 2309 477 2390 adjunctum
493 2308 650 2394 τυγχάνειν
664 2333 723 2395 pro
739 2333 795 2382 eo,
819 2310 908 2394 quod
932 2311 1159 2398 deinc'ep'spo·

55 2399 145 2456 nitur
172 2392 435 2477 καταλαμβάνειν)
460 2398 613 2457 'conferes
644 2415 713 2456 curn
743 2400 840 2478 αἱρεῖν
870 2395 1023 2463 διώκουσα
1052 2398 1164 2464 Dictis

55 2484 156 2542 Deor.
179 2481 277 2558 XIX,
296 2490 325 2547 2.
351 2479 389 2541 de
405 2481 515 2541 Diana
539 2480 679 2560 dictum,
704 2501 786 2566 quae
806 2482 924 2545 studeat
940 2504 1050 2566 cupere
1063 2485 1157 2547 feras.

50 2567 170 2628 Lurius.

140 2650 218 2711 End.
236 2654 259 2710 1.
277 2655 307 2714 9.
333 2641 423 2711 Ἀλλά
446 2650 498 2713 καὶ
517 2647 684 2732 κατάλαβε)
722 2651 805 2711 Setis
827 2649 963 2713 absurde
991 2651 1160 2737 Obsopoeus‘

56 2748 211 2811 verterat,
241 2733 293 2792 sed
308 2749 384 2809 esto,
408 2737 435 2793 si
451 2734 565 2794 videtur
578 2751 605 2794 te
621 2735 885 2817 comprehendisse,
908 2737 999 2821 quasi
1021 2740 1162 2822 κατέλαβεΙ

58 2826 234 2902 legeretur3
258 2816 346 2898 quod
365 2833 469 2876 tamen
487 2839 552 2877 non
570 2839 662 2898 posse
684 2819 768 2890 fieri,
793 2841 929 2902 sequens
946 2823 991 2904 ἔχε
1007 2823 1083 2882 setis
1098 2821 1160 2883 do·
1247 2871 1251 2878 .

60 2925 131 2963 cere
146 2914 293 2982 poterat:
317 2915 348 2959 et
365 2903 472 2962 forsan
492 2902 616 2979 voluit,
640 2905 666 2962 si
683 2902 812 2981 videtur,
844 2920 871 2964 te
894 2905 1161 2988 comprehendisse,¹

59 3009 118 3070 pro
133 2991 160 3046 si
174 2985 281 3045 videris
294 2986 558 3069 comprehendisse,
581 3002 713 3068 tumque
730 2989 826 3049 nimis
843 2990 1000 3074 ambigue·
1032 2992 1159 3057 Rmrrn

143 3069 221 3130 Eud.
235 3074 258 3132 l.
276 3080 326 3138 14,
354 3078 396 3154 Τῇ
414 3078 512 3158 σορῷ)
544 3070 584 3132 Id
598 3093 707 3132 verum
730 3094 817 3152 esse,
841 3079 902 3156 jem
925 3074 994 3134 di'xi
1010 3096 1103 3157 supra
1122 3076 1158 3141 in

60 3158 201 3238 Apolog.
222 3166 357 3235 cap.13.
380 3156 474 3217 Brod.
498 3157 596 3218 Misc.
620 3156 685 3234 IX,
709 3165 757 3224 16.
778 3159 801 3219 f.
824 3161 887 3222 ait:
918 3160 991 3220 Hoc
1010 3156 1159 3224 enucleat¹

56 3244 175 3304 Erusm.
195 3240 227 3298 in
242 3240 433 3321 proverbio,
458 3241 580 3302 alterum
592 3241 693 3325 pedem
708 3247 739 3303 in
755 3245 860 3329 cymba
875 3243 1030 3308 Charontis
1043 3244 1157 3309 habere·

58 3326 123 3390 Sed
138 3346 197 3408 pro
212 3333 250 3411 τῇ
262 3331 346 3414 σορῷ
361 3325 472 3384 scribit
483 3333 519 3414 τῇ
533 3335 637 3414 σοφῷ,
662 3348 726 3387 non
742 3351 816 3400 sua,
838 3330 893 3392 red
909 3350 1075 3415 operarum
1090 3324 1159 3389 cuis

56 3434 107 3495 pa.
151 3411 285 3470 Interim
304 3431 405 3496 genus
423 3412 508 3472 recie
525 3410 571 3471 ibi
588 3413 753 3493 expressit.
777 3415 900 3474 Rurrr..
1091 3434 1096 3441 ·
1154 3411 1164 3442 ¹
1224 3456 1227 3469 «

143 3494 223 3555 ibid.
237 3492 345 3560 ’Ἀλλον
367 3530 408 3542 -
430 3500 517 3577 βίον)
544 3499 616 3556 Ηοο
631 3519 706 3558 vero
723 3513 785 3576 est,
817 3499 903 3582 quod
918 3521 977 3559 nos
991 3496 1162 3560 christis?

58 3581 111 3657 ni,
144 3579 332 3640 firmissimis
357 3579 444 3639 ducti
467 3580 663 3657 rationibus,
696 3598 825 3646 auctore
840 3584 912 3665 ipso
929 3588 1022 3661 Deo,
1044 3580 1153 3665 sperit-
1223 3604 1226 3609 ⁴

57 3686 143 3727 mus:
168 3687 248 3746 quos
266 3665 344 3725 adeo
363 3664 445 3723 nibil
463 3687 590 3743 eorum,
615 3689 696 3750 quae
712 3667 797 3728 hice
820 3670 958 3730 Lucieno
983 3668 1153 3728 adducuu'-

58 3766 129 3825 tur,
154 3750 192 3808 ab
206 3749 357 3808 instituto
373 3747 530 3812 retrahere
553 3772 687 3834 aequum
707 3767 772 3829 est,
795 3776 865 3812 cum
883 3776 923 3815 ne
943 3775 1002 3814 nos
1022 3752 1161 3837 quidem'

59 3850 204 3916 tangent.
251 3834 450 3916 Quamquam
479 3857 581 3921 neque
605 3851 725 3895 tentem
752 3842 820 3919 ejus
843 3838 1024 3898 rationibus
1048 3834 1161 3907 incise*
1213 3914 1220 3920 ⁸

59 3920 148 3993 vim,
179 3940 242 3978 rem
267 3935 351 3979 recte
374 3932 524 3999 reputans
549 3920 713 3995 invenies,
752 3937 790 3985 ut
811 3926 861 3984 vel
885 3945 902 3984 a
926 3921 1155 4006 philosophise

59 4002 167 4063 studio
199 4002 346 4063 homines
373 4003 531 4065 Ethnicos
557 4003 712 4067 deterrere
740 4022 871 4088 prorsus
901 4013 1037 4070 valeant.
1081 4005 1156 4083 Etsi

61 4090 146 4150 enim
162 4086 392 4170 perfectionem
409 4088 494 4150 illam
511 4089 661 4151 omnibus
678 4091 744 4152 suis
760 4092 900 4153 numeris
915 4093 1093 4155 absolutum
1109 4106 1156 4152 st·

840 4178 950 4263 ege
