2634 4680
331 304 372 352 nr
397 301 526 350 vnasn
551 299 751 351 maroniae
776 301 846 353 nra.
871 299 899 349 r.
1083 283 1162 357 643

67 510 71 515 ,
150 447 227 512 End.
241 451 267 512 l.
282 455 334 518 18.
360 443 508 529 ibicisrrr
520 441 597 528 παρ’
609 441 684 528 ἡμῖν
695 442 755 528 τὴν
767 440 902 529 Δάφνην
911 441 1085 533 γράφουσι)
1106 451 1161 511 Ins

66 550 239 617 terpretes,
260 533 350 596 solem
362 531 444 614 opud
456 556 510 593 nos
526 530 673 613 Daphnea
687 530 863 595 tinnibunt.
893 531 994 593 Immo
1010 554 1078 594 non
1095 536 1161 597 riae·

66 622 116 704 gis
131 619 313 702 Daphnen,
327 638 422 701 quarn
439 614 730 687 Phaethontiadas,
752 635 847 698 quam
859 613 1045 695 Myrrham,
1067 619 1161 681 eliss-

10 754 12 761 .
68 726 131 786 que
152 705 187 762 in
207 701 292 764 idem
316 701 515 762 immutatam
537 719 644 782 neque
666 698 722 761 bie
735 697 909 782 quidquam
927 698 1160 781 descriptiones

63 796 232 869 poetarum
260 799 317 847 aut
341 783 567 847 fabulantium.
617 782 863 859 Verri-debuit,
891 783 979 845 telem
1001 785 1161 867 opedani

10 862 12 869 ¹
65 870 460 953 depinguntDcpbneneto.
482 868 593 929 Gnors.
636 866 720 929 Vide
738 865 934 942 Ouidianum,
958 872 1161 951 quaepictea

10 1093 14 1128 i

10 1262 14 1298 i

64 978 118 1018 rae
133 957 233 1014 instar
249 967 314 1032 est,
337 951 585 1033 descriptionem
600 953 768 1014 Metamm.
784 950 817 1030 1,
831 956 904 1019 648.
919 973 966 1034 sq.
996 954 1117 1020 Lanrr.

151 1040 227 1119 Peg.
241 1045 313 1106 287·
325 1040 349 1100 1.
363 1044 395 1105 2·
419 1037 560 1116 Meceni)
582 1036 635 1097 Ex
645 1037 711 1098 Ms.
723 1035 805 1120 neg.
820 1041 915 1103 2954.
937 1036 1032 1120 ang.
1045 1042 1160 1118 protei.

10 1176 14 1191 .
63 1127 140 1187 Bu».
182 1122 306 1184 Mirum
327 1119 415 1205 quod
434 1135 527 1182 retus
549 1120 712 1203 Interpres
728 1120 869 1181 Latinus
890 1119 1003 1181 vertit:
1022 1122 1162 1203 palmites

10 1198 14 1212 ’
62 1213 128 1269 uvis
144 1206 244 1290 pleni3
271 1226 332 1267 nec
353 1206 449 1268 aliter
469 1202 630 1270 Genaua.-
654 1203 794 1289 pclsniies
809 1202 893 1286 pleni
912 1227 1053 1286 uvarum
1075 1223 1161 1269 uter.

65 1313 151 1373 qne,
179 1311 215 1351 sc
235 1289 264 1352 si
286 1288 418 1374 legisset
439 1293 553 1372 μεστοί.
595 1287 700 1373 quue
720 1286 807 1348 baud
831 1287 930 1349 dubie
953 1302 1057 1352 recte:
1084 1286 1160 1355 nant

65 1378 155 1456 ipsae
170 1375 319 1436 mulieres
334 1395 400 1456 quo
413 1373 522 1434 minus
537 1373 616 1457 fingi
630 1372 756 1456 possint
771 1396 893 1436 sucrum
905 1372 1026 1455 plenae,
1048 1373 1161 1456 probi·
1184 1458 1191 1477 ⁸

10 1522 13 1531 ,
63 1459 119 1521 bet
132 1481 204 1520 cum
217 1460 264 1522 rei
278 1474 407 1535 natura,
431 1472 499 1518 turn
516 1459 642 1540 relique
658 1456 844 1539 descriptio.
1110 1488 1114 1494 ·

10 1546 14 1617 ζ
148 1543 227 1606 Eud.
239 1548 262 1605 1.
277 1549 308 1610 4·
328 1539 522 1618 Ἠσπᾶζοντο
547 1543 621 1627 καὶ)
641 1543 707 1605 Me.
729 1543 809 1627 Reg·
826 1543 921 1610 2954
939 1533 1110 1622 ἠσπάζοντό
1130 1569 1162 1611 τε

10 1630 14 1713 s
65 1630 136 1708 καὶ,
165 1628 219 1690 cui
243 1627 379 1689 lectioni
404 1630 508 1703 favet,
538 1627 626 1710 quod
656 1626 690 1686 iu
713 1627 779 1687 Me.
802 1627 882 1711 Reg.
908 1634 1004 1695 30¹1.
1028 1630 1160 1713 legitur,

10 1716 14 1817 ἑ
62 1711 175 1817 sionei}
189 1715 327 1780 sesami·
372 1711 479 1795 Quare
494 1709 576 1809 illud
591 1735 640 1809 rc.
661 1708 750 1792 qnod
765 1710 878 1773 deerat·
887 1710 923 1774 in
939 1710 1024 1775 Edd.
1042 1712 1163 1776 intex-

11 1866 15 1899 Ι
64 1813 134 1859 turn
150 1821 214 1881 pam
229 1796 397 1858 admittere
413 1816 479 1855 non
496 1794 724 1857 dubitavimus.
746 1796 821 1858 Bar.

150 1881 230 1946 Eud.
252 1887 347 1947 1.10.
380 1872 457 1944 Orias
485 1874 536 1944 ἔτ’
556 1874 798 1962 dnriiovco]
828 1881 916 1943 Petit
938 1893 1051 1943 auctor
1071 1880 1161 1944 baud

10 1951 15 1987 ³
65 1967 164 2033 dubie
186 1967 325 2026 fabulam
350 1963 454 2040 illam,
485 1984 578 2047 quam
604 1963 728 2026 Ovidirss
751 1965 937 2046 plenissime
960 1967 1103 2026 omnium
1126 1981 1162 2029 et
1197 1995 1204 2009 ·

10 2064 12 2075 '
65 2050 226 2112 uberrime
246 2061 358 2108 narrat
373 2049 538 2109 Metamrn.
552 2049 610 2125 lv,
627 2057 700 2117 288.
718 2070 762 2133 sq.
787 2047 827 2110 de
842 2047 1116 2130 Hermaphrodite
1128 2063 1162 2113 et

10 2122 17 2158 Ι

10 2208 17 2245 Ι

10 2294 17 2330 Ι

10 2380 17 2418 i

10 2470 15 2506 Ι

10 2552 16 2589 Ι

10 2634 17 2676 Ι

10 2726 18 2765 Ι

10 2808 19 2847 Ι

64 2134 252 2198 Salmacide.
295 2130 444 2195 Ceterum
465 2132 598 2195 omnino
618 2131 747 2216 quidem
767 2132 853 2194 hand
872 2132 1096 2214 diffitendum,
1127 2133 1162 2197 id

65 2218 155 2303 quod
168 2215 350 2280 Scbclicares
368 2214 501 2296 adnuit,
522 2216 586 2279 loti
606 2217 673 2278 vim
696 2218 783 2278 illam
791 2264 801 2295 ,
826 2239 920 2302 qnam
935 2218 1085 2280 Homerus
1103 2217 1164 2281 de·

66 2304 179 2367 scribit
195 2302 312 2383 Odyss.
326 2301 393 2380 IX,
407 2307 477 2381 94„
499 2301 533 2368 h.
548 2305 574 2364 l.
589 2301 761 2365 sLucicno
776 2303 874 2365 simul
893 2304 1013 2386 respici
1025 2323 1064 2366 se
1080 2300 1164 2366 risui

64 2388 341 2541 “Wadi-iili}
357 2465 461 2536 ’Ὅσον
478 2466 618 2554 οὐδέπω)
641 2474 694 2535 Sic
713 2472 880 2535 Herodian.
901 2471 936 2549 I,
962 2480 1021 2551 18,
1037 2479 1071 2543 6.
1090 2428 1167 2556 sitin

65 2558 99 2624 di
116 2561 252 2636 (αἴτιον)
266 2553 413 2638 ἐσόμενον
427 2555 503 2621 ὅσον
520 2554 651 2623 οὐδέπω.
684 2556 822 2633 Confer,
838 2559 867 2618 si
881 2556 989 2635 iubet,
1005 2555 1045 2620 de
1059 2559 1164 2622 Mero.

69 2643 164 2704 cond.
181 2663 249 2720 cap.
262 2648 315 2707 81.
329 2641 359 2703 f..
372 2639 429 2699 ubi
452 2639 560 2701 eedem
575 2640 699 2721 phrasis
715 2661 884 2701 occurrens
901 2640 1008 2703 obiter
1021 2644 1165 2726 explica.

68 2745 131 2789 tur.
175 2724 230 2784 Sic
243 2719 318 2789 ὅσον
331 2718 417 2787 οὔπω
434 2723 535 2804 Bergl.
551 2723 591 2784 ad
604 2721 751 2804 Alcipbr.
767 2725 800 2799 1,
818 2731 868 2790 10.
890 2726 1014 2786 lintre.

153 2809 224 2889 Peg.
234 2815 307 2876 288.
324 2808 346 2867 1.
358 2813 387 2874 1.
411 2805 598 2889 Συμπλοκὴν
611 2806 685 2892 καὶ)
706 2808 796 2869 Haec
812 2805 926 2870 desunt
938 2808 974 2869 in
984 2807 1066 2871 Cod.
1078 2813 1164 2873 Fror.

16 2910 19 2917 '
65 2897 202 2957 Bonan.
243 2891 315 2953 Nec
334 2893 539 2973 reperiuntur
554 2891 588 2952 in
603 2890 707 2956 Codd.
724 2892 838 2953 Pariss.
853 2913 913 2956 nec
930 2891 1054 2956 reddita
1072 2918 1089 2955 s
1105 2914 1165 2955 re·

10 2978 19 3017 ⁵
66 2995 133 3041 tere
148 2980 328 3059 Interprete
341 2974 481 3035 Latino:
503 2991 566 3038 rum
586 2993 615 3038 et
633 2976 837 3039 derelictorum
852 2977 932 3056 (ubi
956 2998 1034 3039 vero
1051 2978 1115 3040 hoc
1128 2979 1165 3040 in

16 3124 19 3135 ,
68 3061 372 3138 textui),comitum
386 3062 626 3126 commixtioemr
638 3086 705 3125 cum
715 3060 825 3123 viribus
839 3065 1049 3123 enarravimus.
1093 3063 1166 3125 Ne·

16 3148 19 3179 ³
69 3169 133 3228 que
147 3146 297 3225 deniqne,
313 3145 341 3205 si
357 3143 473 3221 absint,
491 3142 766 3208 desiderabantur.
794 3145 895 3210 Recte
910 3145 1018 3234 itaque
1033 3147 1167 3211 Sndmie·

65 3233 154 3294 derue
165 3230 296 3292 uncinis
314 3250 350 3291 ea
366 3229 496 3291 videtur
512 3229 689 3294 inclusisse.
711 3231 833 3294 Lanu.

10 3318 17 3353 ²
150 3315 229 3389 End.
243 3318 265 3380 Ι.
278 3323 309 3384 8·
336 3312 550 3394 Oivsoairsssct)
570 3316 685 3377 Minus
699 3316 816 3391 etiam,
839 3337 930 3400 qnam
948 3315 983 3376 in
998 3313 1084 3390 eliis,
1107 3294 1169 3377 ed·

67 3422 238 3486 sequemur
255 3399 291 3459 in
306 3396 395 3461 bisce
410 3399 501 3460 libris
514 3400 658 3461 Lusisni
668 3399 883 3463 suavitatem:
905 3399 992 3485 qnod
1007 3399 1115 3461 mollis
1130 3412 1166 3461 st

68 3489 103 3547 in
117 3500 224 3569 partes
239 3504 488 3567 omnessequax
502 3483 548 3544 lin
573 3505 614 3545 us
628 3482 822 3547 libertinum
839 3485 889 3546 illi
911 3482 1057 3568 fingendi
1069 3503 1166 3546 voces

69 3584 262 3655 potestatem
283 3566 416 3642 tribuit,
441 3587 536 3650 quam
588 3589 702 3630 omens
725 3569 848 3652 refugit
868 3568 1036 3631 modestia.
1079 3565 1166 3650 Quis

24 3692 32 3711 .
70 3657 157 3718 enirn
171 3655 255 3716 ferat
269 3671 346 3728 nos,
367 3651 396 3713 si
410 3650 465 3712 bic
478 3671 585 3733 presse
598 3652 701 3714 secuti
715 3651 813 3715 verba
823 3653 947 3715 'Graeca
961 3670 1165 3734 poneremus,

68 3743 174 3823 aquati
186 3735 278 3798 simul
290 3751 318 3795 et
332 3739 478 3821 exfluvio
490 3738 609 3804 moeri?
628 3737 731 3820 Atqui
745 3758 762 3796 a
774 3736 857 3819 ligno
866 3736 979 3820 dignari
989 3751 1048 3814 eet,
1065 3790 1068 3795 .
1092 3733 1167 3796 trid·

69 3825 105 3883 ni
119 3826 217 3884 virori
231 3844 249 3882 a
266 3819 359 3884 vino?
379 3819 505 3900 Nempe
521 3821 628 3902 Grajis
642 3836 768 3903 praeter
782 3821 948 3906 ingenium
960 3822 1057 3884 etiam
1069 3757 1166 3882 dedit

70 3929 126 3969 ore
140 3904 281 3968 rotundo
294 3906 392 3965 Musa
405 3904 515 3988 loquis
539 3924 600 3964 nos
612 3906 726 3969 Moses
745 3907 880 3969 colimus
892 3905 1078 3970 severiores.
1114 3902 1164 3964 si.

68 3991 139 4057 mili
152 3988 191 4051 de
204 4010 315 4051 causse
328 3988 533 4073 Hippogppos,
546 3988 818 4077 Hrppumymoss,
826 4003 860 4053 et
871 3988 906 4051 id
921 4011 1022 4076 genas
1035 3996 1165 4068 'compo-

68 4078 146 4154 sita,
169 4079 265 4137 semel
287 4071 418 4158 quidem
438 4074 474 4134 in
489 4074 674 4158 parenthesi
695 4076 942 4223 interpretspnnr
958 4072 1164 4162 equiculum,

899 4181 914 4221 s
935 4167 956 4230 2
