2634 4680
167 246 244 341 588
435 268 1099 347 artsrorsrrouns,¹

253 427 334 493 End.
346 431 368 493 1.
383 434 413 497 8·
427 422 518 501 Ὥςτε
535 421 607 499 τούς
621 415 792 501 δράκοντας
811 420 872 499 ἔφη
891 450 937 467 -
955 414 1171 501 παμμεγέθεις
1183 412 1274 495 εἶναι)

167 518 285 599 Inepte
298 515 455 593 interpres
469 510 645 591 pristinus,
670 506 737 583 (ait
749 506 790 567 L.
804 504 868 567 Bos
880 502 958 565 Obs.
974 502 1056 563 crit.
1071 522 1107 583 p.
1123 506 1209 579 62.)
1224 499 1276 563 de-

170 616 281 681 ceptus
309 617 408 679 prava
437 594 666 654 distinctione:
706 606 739 651 ut
767 588 892 665 diceret,
922 586 1110 649 Parthorum
1136 584 1277 649 ἄκουκα

170 690 308 769 (εἰςηιιηι
330 697 426 741 nutem
446 680 503 741 boc
523 675 722 738 multitudinis
744 690 786 735 est
807 677 895 758 ipsis.
925 668 1010 733 mille
1029 674 1114 733 enim
1135 670 1278 735 dracones

169 776 251 832 vivos
272 768 365 829 droco
384 763 544 847 producit)
560 766 689 843 ingentes
703 783 778 835 esse,
800 775 828 819 et
848 754 1013 820 infernale
1028 760 1191 839 generati.
1232 758 1278 817 Tu

170 854 354 937 distingue,
378 848 450 924 ὅςιε
464 862 530 947 etc..
546 847 592 907 ita
611 858 648 905 ut
670 840 887 941 parenthesis,
910 860 992 923 quoe
1006 854 1089 923 post
1111 836 1280 939 §pisonge

169 927 812 1087 ltlslr‘llil‘lll'lllllnllll:
823 925 972 1071 illd:
984 938 1280 1093 {il‘tlllzll'f

168 1104 344 1167 Adleverat
360 1104 455 1163 etiam
468 1101 519 1163 M.
541 1099 581 1160 V.
596 1097 629 1160 la
644 1096 744 1175 Croze,
759 1094 899 1178 pessime
911 1092 992 1157 haec
1007 1114 1105 1159 verta
1121 1114 1208 1176 esse,
1230 1090 1279 1157 sed

169 1211 239 1251 non
254 1201 443 1249 correxerat.
466 1186 592 1244 Rasna.

253 1271 331 1334 Eud.
347 1275 408 1338 l.5.
432 1276 557 1344 Zuivrue
569 1264 682 1350 ὅρᾶκ.)
703 1266 757 1329 Sic
772 1263 873 1327 distin
920 1260 1050 1342 endum,
1068 1278 1115 1329 ut
1127 1266 1279 1345 fecimur5
1316 1315 1317 1346 ,

168 1357 237 1419 nisi
269 1354 482 1416 insulsissime
502 1354 659 1428 Lucieno,
696 1371 779 1435 quas
805 1364 879 1412 tene
903 1348 1006 1409 rionis
1027 1348 1128 1412 illius
1154 1350 1280 1435 proprie
1316 1359 1317 1362 ’

169 1456 264 1519 sunt,
288 1461 381 1524 quem
393 1443 473 1499 salse
490 1437 697 1519 perstringit,
721 1432 874 1518 affingere
889 1432 980 1495 velis.
1024 1432 1136 1517 Quod
1153 1438 1279 1499 incaute

169 1527 267 1586 nimis
292 1524 330 1585 ab
349 1522 578 1604 interpretibus
606 1520 754 1596 Latinis,
779 1518 905 1581 Gallico
923 1518 1013 1598 ipso,
1035 1536 1221 1583 emunctae
1236 1533 1281 1579 ts·

170 1634 244 1672 men
260 1608 347 1669 nuris
364 1607 450 1683 viro,
472 1606 609 1689 aliisque
624 1622 658 1667 et
670 1604 818 1667 omnibus
833 1602 924 1664 libris
936 1602 1060 1663 factum
1073 1618 1152 1679 est,
1176 1618 1216 1666 ut
1230 1604 1282 1665 rai·

170 1695 235 1756 reri
249 1693 378 1767 subeat,
401 1706 579 1752 monstrum
594 1689 658 1751 hoc
671 1712 688 1751 a
702 1688 830 1751 nemine
843 1700 918 1770 port
929 1688 1195 1751 renatus-literas
1209 1690 1282 1750 fuir·

170 1800 206 1841 se
228 1775 493 1839 animadversum.
536 1775 590 1834 Ex
611 1774 761 1836 versione
782 1781 892 1833 nost'ra
907 1770 1031 1851 patebit
1046 1792 1171 1835 sensus
1189 1772 1282 1857 holus

170 1863 238 1923 loci
251 1860 549 1934 manifestissimus;
573 1873 606 1921 et
619 1860 714 1919 simul
734 1870 854 1943 quanta
868 1876 980 1915 manus
992 1856 1201 1921 Parthorum
1218 1858 1283 1921 iht-

171 1947 235 2020 rit,
268 1966 363 2028 quam
384 1943 521 2004 ducebat
542 1943 606 2004 hoc
631 1944 776 2027 signum3
810 1940 899 2024 quod
922 1939 1001 2000 tlibi
1021 1940 1143 2003 forsan
1164 1942 1283 2005 frustra

172 2029 361 2115 quaesieris.
404 2030 459 2090 De
473 2030 566 2111 siguo
582 2030 788 2105 Dracouum,
811 2022 900 2107 quod
914 2022 1048 2106 Scythis
1061 2026 1168 2089 etiam
1183 2028 1282 2092 usita-

172 2130 242 2175 tum
264 2114 367 2174 fuisse
389 2126 524 2173 testatur
549 2112 673 2175 Suidos.
715 2110 813 2192 Apud
833 2110 1014 2187 Romanos,
1046 2110 1206 2193 quintos
1223 2110 1282 2175 suh

171 2201 289 2265 Marco
312 2196 454 2258 nondum
475 2198 672 2269 invaluerat,
695 2216 799 2277 neque
821 2194 876 2255 hic
892 2193 1022 2257 dicendi
1040 2198 1140 2259 locus
1161 2210 1230 2275 ests
1251 2208 1284 2261 et

172 2306 223 2345 res
239 2304 256 2343 a
273 2282 352 2344 viris
369 2280 564 2341 doctissimis
580 2301 620 2338 ex
636 2280 767 2363 Vegetio,
780 2280 956 2357 Ammiano,
981 2276 1170 2358 Claudiano,
1192 2280 1282 2345 aliis·

174 2389 238 2449 que
255 2372 316 2447 jam
335 2367 504 2425 illustrata.
527 2361 611 2425 Vide
624 2364 709 2447 Line,
724 2364 763 2426 de
776 2366 842 2427 mil.
858 2365 954 2425 Rom.
969 2370 1003 2431 4.
1044 2366 1101 2425 De
1116 2364 1282 2432 fabulosis

170 2466 281 2513 autern
300 2448 495 2509 draconibus
507 2452 610 2529 legas,
631 2449 659 2507 si
675 2447 785 2524 lubet,
808 2448 982 2511 Philostrot.
996 2447 1032 2508 in
1043 2446 1126 2511 Vita
1143 2449 1283 2535 Apollo·

115 2590 119 2599 .
171 2534 222 2597 nii
235 2534 293 2603 lib.
306 2534 369 2599 III.
385 2555 417 2614 p.
430 2539 484 2601 98.
499 2534 573 2613 qui,
597 2552 652 2594 eos
667 2541 711 2602 80
726 2532 908 2594 cubitorum
929 2530 1144 2619 longitudine
1161 2550 1197 2607 et
1209 2554 1282 2599 u.

172 2621 261 2703 plius
284 2618 405 2695 fuisse,
427 2618 544 2691 traditr
568 2631 601 2679 et
623 2617 704 2679 adeo
727 2622 844 2680 celeres
868 2630 902 2678 et
921 2616 1077 2690 infestos,
1097 2630 1143 2681 ut
1166 2640 1281 2685 cotun

173 2703 285 2767 dentes
300 2724 465 2787 unguesve
487 2723 528 2764 ue
548 2700 790 2784 pernicissimus
810 2701 939 2786 quidem
958 2700 1099 2787 effugere
1122 2703 1279 2781 valuerit,

172 2790 231 2875 qui
254 2793 351 2851 semel
372 2786 409 2848 in
433 2802 642 2870 conspectum
662 2786 798 2849 venerit.
840 2786 949 2848 Addet
970 2786 1068 2849 etism
1088 2784 1279 2869 coelicos,

172 2875 230 2958 qui
249 2872 361 2952 (LVI.
381 2893 409 2937 c.
423 2870 476 2958 4.)
498 2894 584 2934 mare
605 2871 760 2952 Caspium
782 2871 926 2955 ingentis
945 2892 995 2931 ma
1019 2868 1186 2937 nitudinis
1207 2868 1280 2937 ter-

169 2972 284 3041 pentes
299 2961 382 3019 alere
398 2958 456 3017 ait.
486 2956 562 3019 Vid.
576 2956 760 3018 Bocbortum
775 2956 908 3018 Hieron.
922 2956 961 3017 P.-
973 2892 1021 3020 li.
1034 2954 1091 3020 lib.
1104 2954 1173 3030 111.
1186 2978 1215 3019 o.
1225 2966 1276 3029 18.

169 3046 336 3105 Persarum
359 3055 465 3103 autem
487 3040 725 3124 antiquiorum,
747 3056 785 3099 ut
800 3038 835 3100 id
855 3039 960 3102 obiter
973 3060 1141 3119 moneam,
1164 3042 1278 3127 aquila

170 3128 300 3210 signum
316 3140 393 3191 eret.
414 3122 489 3187 Vid.
502 3126 582 3187 Xen.
600 3124 721 3207 Cyrop.
737 3124 812 3187 VH·
827 3145 858 3205 p·
877 3131 954 3203 102,
970 3132 1020 3195 16.
1062 3124 1197 3200 Alludit
1209 3146 1276 3190 au-

170 3225 236 3273 tem
259 3210 391 3290 ineptus
414 3208 470 3269 ille
486 3208 660 3269 historicus
686 3208 726 3269 od
749 3207 934 3288 historiam,
958 3230 1053 3291 quam
1075 3222 1188 3283 narrat
1204 3210 1279 3276 Po-

169 3294 186 3357 l
204 3316 308 3369 oenus,
331 3307 363 3355 et
382 3294 489 3376 tangit
512 3292 642 3356 Galenus
659 3291 699 3355 de
721 3292 878 3370 Theriaca
893 3314 926 3375 p.
945 3300 1019 3363 460.
1036 3292 1100 3357 Ed.
1120 3295 1182 3359 Gr.
1196 3294 1275 3360 Bas.

170 3318 352 3461 ἔραηῆινηίο
372 3377 522 3438 laudatus
537 3399 569 3458 p.
582 3384 657 3445 224·
679 3379 806 3443 Sonam.
850 3377 1019 3439 Caeterum
1038 3377 1207 3441 notandus
1223 3392 1276 3444 cst

171 3463 270 3539 ordo,
293 3484 387 3545 quem
405 3462 440 3521 in
463 3462 622 3524 narrando
643 3476 796 3547 sequutus
815 3476 864 3524 est
882 3462 1052 3541 Lucmuus,
1074 3462 1213 3547 qno-ht,
1235 3476 1276 3526 ut

168 3548 286 3613 lectori
302 3546 439 3607 absurda
461 3546 568 3625 fictio,
589 3568 607 3610 e
628 3551 708 3610 male
725 3547 893 3611 intellecto
914 3548 1075 3610 uocabulo
1094 3560 1187 3621 orta.
1207 3562 1277 3611 tta-

170 3632 230 3692 tim
251 3636 346 3712 plane
361 3645 527 3713 appareat,
550 3653 647 3715 quum
669 3631 820 3715 alioquin
840 3631 977 3694 fortasse
997 3632 1205 3697 solummodo
1221 3632 1275 3696 in·

170 3730 281 3797 epturn
298 3716 498 3777 mendacium
509 3716 656 3795 vidisset,
665 3734 697 3779 et
706 3722 814 3779 locum
831 3721 971 3801 relegere
984 3714 1156 3781 debuisset.
1179 3718 1275 3801 liuh.

256 3800 334 3860 Eud·
347 3805 369 3862 l·
384 3809 433 3869 11.
455 3799 759 3885 Περιπειραθέντων)
782 3808 869 3887 rum.
880 3804 1187 3885 περισπειραθέντων.
1214 3802 1274 3865 δίο

171 3882 252 3947 Plus.
280 3884 415 3947 Guuun.
458 3885 648 3969 Lugendum
669 3886 971 3973 περισπειραθέντων.
1012 3886 1068 3949 Sin
1081 3884 1277 3955 Plutarchus.

171 3970 315 4034 Masso.
372 3971 428 4031 De
448 3970 513 4031 alio
537 3968 651 4053 inepto
675 3972 885 4035 historiarum
906 3972 1081 4054 scriptore,
1113 3972 1174 4055 qui
1198 3970 1277 4035 dra·

173 4074 287 4135 conec,
309 4052 402 4141 signu
415 4054 570 4122 militaria
584 4056 795 4139 Parthorum,
816 4055 993 4127 tradidsttt
1006 4055 1110 4123 lusis
1122 4056 1277 4147 ingentes
