2634 4680
305 246 912 333 renarrantem.
1080 251 1159 343 ,471

64 416 173 481 aderat
188 418 221 477 in
238 414 320 480 Edd.
335 415 429 478 etiam
445 414 549 490 omisi,
559 414 633 497 quis
651 414 736 476 Geso.
753 415 800 476 sio
811 406 893 477 velle
905 413 1159 480 video..Rar·r-s.

64 507 221 587 vulgatae
240 499 389 575 lectioni,
414 520 508 581 quam
531 497 682 560 tuendam
706 515 738 561 et
759 499 1030 584 interpretandam
1049 524 1160 591 susop7

64 590 120 671 pi,
144 586 224 646 illud
243 586 337 646 etiam
359 585 465 659 favet,
496 583 584 666 quod
611 605 665 661 ea,
695 604 787 666 quam
815 585 996 658 restitutam
1019 582 1159 669 eupiunt

63 673 207 733 Graevius
224 685 265 733 et·
278 668 424 742 Solonas,
447 667 477 727 s'i
495 670 628 729 inventa
642 682 724 728 esset
745 669 779 728 in
798 668 941 751 antiquis
965 668 1160 754 exemplari:

61 758 136 832 bus,
160 753 282 816 nemini
298 754 332 812 in
348 765 484 813 mentem
500 752 784 833 venirepotuisset
795 757 846 814 vel
858 754 1026 837 petronam
1041 754 1160 821 ademi,

61 841 153 916 bere,
177 844 227 900 vel
242 843 270 902 el
285 845 389 922 orypigr
412 835 586 898 lectionem
601 836 836 935 planissimam,
859 838 1158 923 intemperantem,

61 926 96 986 si
114 922 192 1006 quid
203 925 235 981 in
248 923 308 982 bac
319 936 385 982 arte
401 921 683 1000 firmumest,rllud
699 923 988 1003 profestoest,non
1004 926 1158 999 muletam

59 1031 127 1070 esse
142 1009 314 1069 lectionem
331 1011 476 1088 planam,
499 1005 646 1083 facilem,
671 1025 752 1087 quae
768 1005 853 1065 nihil
868 1004 1082 1068 dubitationis
1097 1006 1159 1079 he,

58 1093 163 1167 beret,
193 1092 227 1149 in
251 1089 417 1154 diversam.
462 1091 575 1174 Neque
594 1092 642 1150 sio
662 1096 770 1152 errarit
793 1088 1020 1172 descriptores,
1050 1094 1157 1174 neque

59 1178 106 1236 sic
122 1175 302 1238 emendant.
327 1175 430 1235 Gesu.
446 1174 627 1241 inAddend.
671 1175 810 1257 Vulgata
824 1170 933 1242 verba:
954 1179 1077 1260 eiospe3
1099 1199 1156 1259 per

61 1282 171 1321 omnes
185 1258 268 1319 Edd.
286 1274 385 1328 vett..
408 1275 542 1340 excepta
557 1262 624 1338 Fr,
647 1273 838 1342 propagata,
861 1252 1157 1340 interpretatusesi

57 1345 181 1406 Belinus
203 1343 238 1403 in
258 1344 406 1407 versione
430 1344 517 1405 huno
536 1345 649 1404 mirum
672 1344 707 1403 in
728 1343 875 1404 modum:
906 1343 965 1405 Sur
983 1343 1080 1427 quoi?
1104 1346 1158 1407 De

57 1434 154 1490 moins
173 1475 181 1492 .
201 1475 209 1492 .
228 1475 238 1491 .
257 1473 264 1490 .
275 1473 285 1505 ,
309 1434 417 1510 paullo
432 1429 547 1491 melius
564 1428 749 1512 Obsopoeus:
772 1427 887 1507 Quibres
898 1426 1041 1493 wodan?
1064 1427 1157 1491 Gros-

57 1519 100 1575 sii
114 1520 343 1596 conjecturam,
367 1534 427 1597 qua
440 1514 535 1576 verba
550 1513 599 1574 sio
615 1516 840 1575 immutantur:
862 1516 891 1577 ei
903 1522 1005 1598 σιγᾷςς
1026 1528 1059 1575 et
1073 1515 1156 1576 Here

56 1600 192 1660 motimo
206 1596 447 1674 adscribuntur,
470 1612 596 1681 praeter
608 1599 753 1660 Solonem
763 1597 860 1657 etiam
881 1597 1067 1659 Wielondius
1079 1608 1159 1681 pru·¹

56 1685 148 1744 bavit
163 1698 195 1744 et
210 1683 246 1741 in
260 1682 408 1743 versione
424 1686 592 1744 vernacula
607 1697 734 1743 secutus
749 1696 813 1746 est:
850 1681 1041 1744 Reitzionom
1057 1680 1154 1761 deni-

57 1790 120 1850 que
134 1767 306 1829 leotionem
320 1771 379 1830 oroi
410 1792 440 1841 ε,
465 1767 498 1825 in
513 1764 573 1826 Ed.
588 1767 669 1827 Flos.
684 1781 858 1848 repertam,
881 1788 948 1827 non
964 1772 1066 1827 solum
1083 1765 1154 1828 Ges-

56 1875 143 1913 neres
160 1851 319 1931 expressit
335 1864 368 1912 et
383 1794 548 1925 defendit,
569 1850 624 1911 sed
639 1863 826 1931 receperunt
840 1851 936 1910 etism
957 1852 1154 1913 recentiores

55 1937 219 1999 Editores.
263 1934 353 1993 Mihi
371 1933 499 2015 quidem
519 1934 683 1996 Gsoeuiouo
699 1933 880 1996 emendatio
896 1934 1015 2015 pariter
1031 1954 1067 1998 so
1083 1933 1155 1996 Ges·

56 2045 126 2082 uero
141 2033 173 2079 et
186 2018 304 2080 Reitrio
319 2033 355 2078 ut
372 2019 539 2101 ingeniosa
562 2018 732 2080 admodum
749 2040 785 2078 ao
802 2018 960 2099 perholla,
983 2020 1030 2080 ita
1046 2033 1153 2081 tamen

52 2111 152 2185 longe
168 2102 322 2162 audacior
339 2104 408 2162 visa
424 2119 491 2178 est,
515 2126 608 2187 quam
627 2105 682 2163 cui
705 2108 796 2166 locus
812 2101 881 2162 dari
904 2117 1030 2182 possem
1056 2124 1155 2185 prae·-

55 2190 163 2248 sertim
188 2207 285 2266 quum
311 2186 490 2248 Gesneriono
510 2193 660 2270 vulgatae
682 2186 837 2248 lectionis
863 2186 1028 2264 defensio,
1058 2208 1154 2271 quam

59 2270 261 2347 ll'iolondius,
286 2271 420 2330 nimium
438 2274 598 2332 contraria
611 2273 770 2347 sententia
785 2284 913 2353 captus,
933 2275 1077 2415 Lejunam
1093 2262 1155 2335 mi·

53 2358 176 2416 nimum
193 2370 226 2415 et
242 2355 391 2438 frigidam
408 2360 420 2432 (
431 2356 537 2417 schaal
551 2355 619 2416 und
642 2357 776 2440 frostig,
798 2378 853 2415 um
878 2356 932 2416 nio
958 2372 985 2415 ts
1010 2348 1159 2440 sergerasi

56 2466 97 2506 su
113 2445 228 2524 sagen)
251 2455 366 2517 vocat,
396 2440 476 2500 mibi
501 2441 631 2524 quidem
650 2457 686 2501 ut
708 2443 787 2500 setis
808 2439 973 2501 commoda
995 2455 1027 2501 et
1048 2441 1158 2524 petits-

53 2531 127 2608 plus
153 2546 246 2608 quam
268 2525 345 2587 satis
367 2525 491 2587 fecerit.
536 2526 575 2585 In
604 2524 870 2606 praecedentibus
892 2540 999 2589 autem
1028 2523 1153 2611 Lysini

56 2609 179 2671 verbis:
201 2610 253 2672 καλ
278 2605 461 2688 φιλήδονος,
496 2607 535 2688 νὴ
551 2607 626 2676 Δί’.
650 2613 676 2673 si
689 2609 742 2673 καὶ
762 2607 803 2689 μή
821 2617 887 2684 τοῖς
906 2617 1029 2684 πολλοῖς
1051 2615 1153 2686 δοκεῖ,

56 2691 256 2772 explicandis
271 2713 335 2751 non
353 2714 482 2773 possum
506 2715 578 2752 oum
605 2693 729 2757 Gesnero
754 2693 877 2768 facere,
909 2699 1000 2776 eujus
1023 2692 1154 2775 quidem

54 2778 254 2839 versionem:
277 2799 366 2858 oeque
380 2776 597 2859 voluptuarius,
621 2777 715 2858 (solis
734 2780 809 2838 enim
825 2778 887 2855 est)
901 2801 955 2858 per
969 2778 1086 2853 Jovern,
1110 2776 1156 2838 li-

58 2878 102 2925 cet
119 2859 207 2940 vulgo
222 2859 362 2920 talisnon
376 2859 525 2937 videatur,
549 2883 653 2935 nemo,
679 2860 807 2941 opinor,
831 2860 992 2941 probabit,
1016 2862 1071 2943 qui
1086 2862 1156 2922 fot·

57 2949 161 3006 mulae
178 2946 229 3007 sol
243 2943 281 3024 νὴ
298 2947 358 3007 Δία
373 2966 464 3005 usum
483 2958 515 3005 et
534 2945 598 3004 vim
626 2944 782 3026 imprimis
796 2965 842 3021 'ex
866 2945 970 3005 nostri
990 2944 1157 3026 scriptoris

58 3032 135 3088 stilo
154 3027 354 3112 cognoverit.
398 3027 474 3092 vid.
499 3029 539 3090 ad
561 3031 665 3093 Prom.
683 3030 717 3088 in
740 3029 857 3105 Verbb.
873 3050 900 3089 o.
916 3037 946 3096 6.
964 3032 1056 3091 Tom.
1075 3030 1104 3092 I.
1120 3050 1155 3112 p.

56 3121 129 3179 227.
144 3133 190 3194 sq.
237 3112 429 3172 Grav'issime
453 3114 538 3174 enim
555 3114 698 3174 omnium
713 3128 843 3174 notatur
858 3111 890 3173 h.
903 3119 926 3176 l.
944 3113 1087 3175 doctoris
1098 3118 1157 3174 vo·

55 3205 216 3278 luptatum
237 3197 415 3278 cupiditas,
437 3219 530 3280 quam
549 3199 716 3261 verissima
733 3197 794 3282 (νή
812 3198 893 3283 Δία)
910 3199 1023 3261 asserit
1040 3213 1156 3259 auctor

57 3285 107 3341 illi
126 3284 245 3355 inesse,
270 3282 329 3342 etsi
346 3287 443 3366 vulgo
458 3305 524 3343 non
540 3284 584 3345 ita
601 3283 765 3359 videatur,
797 3282 1075 3363 ‹ib-incredibilem
1088 3280 1156 3343 ssi-

55 3369 131 3427 licet
149 3351 432 3444 dissimulantium,
454 3389 515 3450 qua
535 3388 632 3450 quum
648 3373 750 3449 palam
765 3367 931 3428 mirificam
944 3388 1068 3428 morum
1085 3387 1157 3450 gra·

55 3454 187 3511 vitatem
204 3450 348 3527 affectet,
372 3452 406 3512 in
423 3452 557 3513 obscuro
573 3467 677 3513 tameo
694 3454 798 3514 omnis
814 3452 940 3537 generis
956 3450 1081 3515 deliciis
1097 3450 1156 3511 im·

57 3534 311 3596 moderatissime
323 3552 355 3596 et
372 3534 647 3617 impudentissime
669 3535 848 3620 indulgeat:
890 3534 1076 3597 Contulisse
1094 3538 1156 3617 ju-

54 3621 144 3680 vabit
166 3620 323 3680 simillimi
344 3641 454 3682 sensus
474 3622 653 3704 colorisque
674 3626 780 3683 locum
802 3623 906 3684 Diall.
922 3622 1040 3682 Mortt.
1056 3619 1106 3696 X,
1120 3624 1153 3689 8.

56 3706 112 3762 ubi
128 3705 291 3766 recensitis
308 3710 370 3786 jam
394 3704 632 3786 compluribus,
663 3727 744 3786 quae
766 3704 983 3787 philosophus
1006 3719 1153 3767 mortuus

59 3789 218 3868 deponere
232 3789 376 3871 jubetur,
400 3790 812 3874 nunoMercuriuspergitt
835 3787 882 3871 νὴ
906 3793 978 3854 Δία
999 3790 1060 3853 καλ
1080 3814 1152 3896 zpu-

58 3878 124 3936 σίον
137 3898 168 3956 γε
182 3875 266 3938 τουτὶ
281 3879 332 3939 καὶ
346 3870 542 3956 ἡδυπάθειαν
562 3874 595 3939 di
602 3923 612 3953 ,
633 3876 685 3941 καὶ
707 3869 936 3959 ἀναισχυντίαν,
963 3875 1015 3939 καλ
1035 3869 1148 3958 dopna,

56 3956 260 4037 καὶτρυφὴν,
281 3962 333 4025 καὶ
348 3963 514 4041 μαλακίαν·
543 3952 585 4025 ori
605 3960 753 4043 λέληθε
773 3958 844 4047 γάρ
865 3985 923 4044 με,
946 3961 980 4030 tl
1000 3961 1067 4033 mci
1087 3955 1151 4044 ltd-

58 4052 101 4107 λα
122 4043 407 4126 περικρύπτεις
428 4041 534 4110 edroi.
556 4044 673 4107 Luem.
