2634 4680
147 278 225 355 574
413 290 979 376 annornrlrouea

146 446 285 533 gendum
298 465 384 513 esse,
407 458 487 521 qnss
502 437 706 519 vulgaverint
723 439 955 522 Imperatores,
979 452 1017 501 nt
1034 451 1136 503 tanta
1151 442 1256 506 viera.-

145 536 194 597 ria
211 534 436 593 innotesceret.
458 527 583 586 Sonnn.

169 672 173 677 .
230 614 308 676 End.
321 616 342 676 l.
355 618 384 678 6.
408 602 573 689 Εὐρώπῳ)
598 605 678 667 Urbs
695 622 744 668 est
764 606 915 685 Mediae,
931 608 1055 692 inquit
1073 608 1253 677 Pelmm'us.

142 704 182 765 In
198 699 317 763 tabulis
330 692 563 776 Geograpbicis
579 692 625 751 cis
639 692 849 771 Euphratem,
874 693 909 751 in
925 692 1148 773 Cyrrhestica
1167 700 1253 775 poni·

144 803 205 847 tur.
227 783 354 844 somn.
399 774 549 859 Εὔρωπος
567 773 654 851 πόλις
669 781 883 853 Μακεδονίας,
905 811 949 825 -
969 780 1035 843 ἔστι
1056 782 1113 845 nel
1129 785 1253 865 Συρίας

142 869 225 950 ἄλλη·
246 867 280 932 td
296 861 434 941 ἕθνικόν,
459 859 754 942 Εὐρωπαῖος.’Έστι
766 864 816 925 utri
833 859 903 944 ille
924 866 1063 947 Καρίας,
1087 862 1265 950 ἣνἸᾰριᾶι,

142 960 181 1021 du
197 949 386 1030 οἷπόἼδριος
400 954 455 1013 τοῦ
472 944 654 1027 Χρυσάορος
670 960 729 1007 etc.
773 948 876 1031 Steplr.
892 948 966 1032 Byz.
984 946 1033 1023 de¹
1043 948 1169 1015 Urbib.
1192 952 1250 1018 vid.

140 1039 221 1103 Alr.
239 1034 352 1100 Berdel.
372 1056 403 1115 p-
419 1041 491 1102 363.
511 1052 558 1113 ssq·
581 1034 673 1091 ΒΜ).

225 1122 304 1184 Eud.
319 1125 340 1180 l.
358 1128 389 1187 7.
413 1114 579 1200 Μοροάδας
601 1112 694 1198 insti)
718 1114 798 1175 Cum
817 1116 974 1201 conjungi
995 1116 1104 1179 etiarn
1126 1120 1250 1203 possint

140 1205 182 1269 ad
195 1208 338 1267 ultimam
356 1224 558 1265 numerorum
581 1204 708 1261 classem
731 1200 989 1279 constituendam
1010 1202 1190 1283 τριάκοντα
1205 1209 1248 1271 ιοΙ

135 1297 184 1369 ἓξ,
207 1292 328 1355 orietur
342 1309 493 1348 numerus
508 1284 684 1346 modestior
701 1292 814 1353 70236.
859 1284 920 1345 Sed
943 1286 999 1369 qui
1015 1290 1245 1369 mentiuntur,

140 1381 220 1437 talea
234 1373 386 1435 minutias
403 1393 468 1431 non
484 1384 608 1433 curant.
651 1369 841 1445 Mendacio,
864 1384 901 1428 ut
915 1370 970 1429 illa
986 1370 1143 1435 lotorum
1162 1376 1245 1436 faro·

138 1460 270 1536 rabilia,
295 1472 370 1518 sunt
386 1460 476 1516 laxae
491 1455 776 1535 interpretationis.
794 1454 898 1517 Gesta.
927 1454 1178 1519 Modestiorem
1194 1482 1245 1519 nu·

138 1567 259 1606 merum
286 1540 384 1624 elegit
409 1537 557 1601 Wielanrl.
601 1539 743 1599 Nimiam
767 1551 872 1597 tamen
894 1536 1095 1601 modestiam
1120 1540 1246 1627 affingit

138 1629 266 1691 bomini
282 1624 428 1687 mendaci
444 1624 584 1701 Belinus,
609 1640 752 1685 vertens:
774 1638 837 1703 sept
849 1621 931 1683 mille
951 1620 1038 1685 deux
1060 1644 1148 1688 cents
1161 1642 1245 1688 trente

137 1748 182 1765 ....
201 1717 264 1775 six.
308 1707 478 1791 Myriadas
497 1709 606 1791 itaque
626 1729 684 1789 pro
706 1708 844 1791 singulis
864 1706 1007 1767 millibus
1027 1710 1146 1791 cepit,
1170 1712 1242 1773 satis

137 1819 243 1881 parce.
286 1793 467 1857 Maximum
484 1814 649 1853 numerum
662 1795 753 1873 juxta
770 1814 806 1852 ac
823 1789 964 1851 Gesnerus
981 1797 1189 1872 praetulerat
1202 1810 1242 1859 sl·

138 1888 202 1944 ism
215 1880 371 1965 Micyllus·
415 1878 530 1960 Neque
542 1878 577 1937 id
593 1898 652 1960 ego
670 1876 925 1955 improbaverim.
947 1876 1075 1941 Lunna.

221 1966 300 2029 Euri.
313 1971 335 2026 l·
349 1972 379 2033 8.
398 1956 530 2039 Ἐννέα)
552 1962 645 2067 Anpl.
659 1986 702 2026 οε.
725 1964 858 2023 Bonnn.

223 2051 405 2116 End.l.10.
431 2040 482 2111 Ori
505 2073 648 2129 μικρον
670 2042 730 2127 dv]
763 2048 934 2125 Propterea
958 2044 1139 2127 nimirum,
1164 2068 1239 2133 qna·

137 2140 225 2201 niam
238 2138 285 2197 ita
301 2134 338 2193 fit
353 2133 517 2193 nominum
531 2130 700 2198 confusio.
723 2145 755 2191 et
769 2128 995 2210 discrepantia.
1040 2131 1147 2195 Haud
1160 2129 1238 2194 at'se-

139 2245 222 2307 quor
233 2243 290 2283 cur
306 2216 479 2282 Wielendus
496 2216 647 2280 verterit:
682 2216 723 2278 W
720 2212 825 2277 ineoll
842 2239 872 2275 es
893 2239 950 2275 nur
968 2218 1032 2277 eine
1056 2216 1237 2305 Klein'gbeil

136 2314 185 2371 ist.
206 2309 300 2367 Run.

223 2388 303 2452 Ibit.
322 2380 446 2467 Ὑπὲρ)
467 2385 551 2444 Flor.
568 2376 640 2447 ind.
662 2383 799 2452 Bounn.
837 2378 923 2450 ‘Ynd
938 2384 989 2451 Μ,
1005 2384 1044 2447 P.
1061 2385 1108 2451 L.
1132 2382 1237 2451 ntEd.

135 2476 184 2539 Fl.
199 2476 358 2555 Reliquae
372 2466 459 2550 ὑπέρ.
482 2470 608 2532 Sonnrt.
1093 2544 1097 2550 Ι

219 2558 297 2621 Eud.
321 2560 343 2617 l.
370 2564 421 2623 13.
452 2553 598 2636 Κρόνον)
630 2552 726 2637 Angl.
749 2548 895 2637 Κρόνιον.
917 2554 1054 2617 Bounn.
1100 2554 1235 2642 Κρόνιος

132 2645 231 2708 hebet
247 2644 342 2703 etiam
365 2642 398 2703 P.
415 2641 456 2705 1..
470 2654 503 2701 et
519 2637 577 2703 Ed.
593 2638 622 2703 J.
638 2640 694 2703 W.
711 2661 787 2701 vero
806 2634 964 2722 Kpdvrtov.
1006 2640 1179 2705 Libellum
1200 2640 1233 2703 ds

131 2750 226 2793 mor-te
238 2729 389 2809 Peregrini
401 2726 503 2785 amico
521 2724 685 2800 inscribit,
708 2724 761 2783 cui
779 2725 840 2785 boc
861 2724 1002 2785 nominis
1017 2741 1100 2791 erat.
1148 2728 1231 2791 Cass

132 2832 237 2897 putes,
258 2812 345 2873 hunc
359 2812 459 2871 fnisse
474 2811 675 2870 Saturninum.
698 2810 813 2868 Exstat
826 2809 921 2870 etiam
934 2830 1053 2869 nornen
1068 2810 1135 2874 hoo
1149 2807 1230 2892 apud

131 2898 327 2962 Plutarchum
344 2897 378 2955 in
391 2895 512 2956 Mario.
554 2893 729 2955 Frontonem
746 2892 833 2975 quod
849 2894 983 2972 attinet,
1006 2892 1077 2955 fuit
1099 2896 1229 2979 quidam

130 2985 242 3046 Fronto
265 2979 499 3063 philosophus,
521 2980 571 3038 M.
597 2978 720 3038 Aurelii
744 2991 940 3058 praeceptor.
984 2978 1023 3043 V.
1045 2980 1148 3065 Xipls.
1171 2977 1227 3041 sub

129 3068 225 3128 finem
247 3070 297 3129 M.
314 3061 493 3138 Antonini,
524 3075 556 3123 et
576 3063 623 3125 M.
642 3062 841 3123 Antoninum
866 3063 971 3143 ipsum
991 3063 1024 3142 I,
1047 3072 1099 3133 11.
1150 3058 1227 3125 Vide

129 3153 225 3215 etiam
241 3147 360 3233 tilil.
375 3148 408 3207 in
421 3145 552 3207 Adrian·
570 3150 643 3215 265.
659 3148 702 3207 D.
726 3145 763 3207 de
790 3146 885 3207 Corn.
910 3146 1096 3225 Frontone,
1119 3148 1226 3213 Jnris-

129 3241 280 3297 consulto
294 3232 428 3315 insigni.
471 3231 531 3294 Sed
548 3230 584 3290 bi
601 3252 709 3292 omnes
727 3229 811 3291 nibil
824 3229 863 3291 ad
879 3231 1050 3293 historiam
1069 3234 1173 3314 illam,
1193 3230 1227 3295 ni

129 3322 236 3382 fallor.
260 3322 389 3383 somn.

213 3404 286 3487 Peg.
304 3406 413 3470 1921.
431 3408 462 3469 2.
486 3396 696 3485 Σεβηριονοῦ)
718 3400 791 3461 Hoc
811 3420 950 3478 nomen,
973 3414 1011 3461 ut
1032 3414 1068 3463 et
1090 3404 1227 3487 sequeus

128 3490 268 3565 Osrois,
290 3490 399 3570 paullo
417 3490 508 3549 aliter
525 3488 558 3545 in
574 3490 666 3551 Alex.
684 3508 710 3546 o.
730 3493 781 3554 27.
802 3484 1000 3561 efferuntur,
1029 3486 1077 3547 its
1100 3499 1226 3564 teman,

127 3590 165 3634 ut
188 3574 285 3635 facile
305 3569 431 3633 eosdem
457 3571 602 3632 homines
631 3592 795 3656 agnoscas.
839 3570 935 3653 Apud
956 3570 1155 3653 Xipbilinum
1173 3574 1227 3651 (st

125 3658 282 3721 Nostrum
298 3658 400 3729 infra)
422 3653 618 3740 Σεβηριαοός.
664 3658 702 3716 In
725 3655 857 3719 Adrion.
880 3658 952 3725 265.
972 3655 1012 3715 A.
1033 3653 1102 3727 bis,
1132 3672 1168 3720 st
1185 3655 1224 3721 Β.

125 3742 203 3805 vide
221 3758 253 3804 et
267 3749 341 3809 268.
363 3740 417 3800 ubi
434 3742 545 3804 caedes
559 3748 626 3823 ejus
645 3755 808 3818 narratur,
831 3762 903 3799 cum
919 3740 1162 3825 nonagenarius
1179 3761 1226 3805 et·

126 3841 185 3903 set,
208 3840 379 3906 tantaeque
394 3827 534 3903 virtutis,
558 3841 595 3885 ut
612 3848 628 3885 a
646 3830 785 3906 Traiano
799 3826 934 3906 imperio
949 3822 1068 3908 dignus
1080 3846 1226 3907 pronun·

126 3910 350 3973 tiatusfuerit.
393 3912 516 3971 Patrem
535 3911 675 3972 Luciani
694 3909 915 3973 fuissecredo.
960 3908 1106 3971 sedatio
1123 3910 1161 3971 iu
1178 3914 1226 3974 lo·

126 4016 165 4055 co
181 4000 273 4072 (257.
288 3995 345 4068 A.)
361 3996 453 4057 aliter
466 3995 569 4071 idem,
592 4016 706 4074 nempe
726 3992 923 4074 Σερουιανός.
967 3992 1030 4055 Sed
1049 3992 1107 4055 hic
1125 4016 1145 4056 a
1166 4005 1225 4057 r'ru·

71 4116 74 4122 ·
126 4078 370 4157 stro-diversus,
394 4079 434 4142 de
450 4102 514 4166 quo
532 4078 606 4143 ride
616 4081 652 4141 in
663 4082 713 4144 M.
728 4084 805 4143 Aur.
816 4088 890 4149 270.
906 4078 944 4143 C.
956 4078 1015 4141 ubi
1029 4078 1228 4168 Σοβηοιονδς
