2634 4680
160 270 239 347 466
430 275 1001 327 annonariosrrs

163 439 282 500 bantur
294 424 416 503 Stoici,
440 444 506 507 quo
528 419 703 505 probarent
725 421 832 483 omnia
853 438 985 504 peccata
1005 446 1077 491 esss
1097 430 1270 513 aequalia,

164 517 250 607 apud
267 518 358 595 Πίος.
374 510 480 571 Lara.
494 530 527 590 p·
544 513 615 574 192.
631 507 658 565 F
659 551 668 566 .
685 508 736 571 καὶ
750 504 809 592 γὰρ
822 503 840 572 d
853 505 960 573 ἑκατὸν
980 516 1128 588 σταδίους
1151 512 1272 599 &tzor

166 602 337 685 Κανώβου,
358 597 412 660 καὶ
433 588 541 668 divo,
563 592 670 673 ἐπίσης
685 587 743 656 οὖν
759 594 835 657 εἰσὶν
855 595 888 657 ἐν
909 594 1061 680 Κανώβῳ.
1110 596 1222 681 Quod
1245 616 1274 663 et

164 686 278 757 suidas
293 681 384 743 affert
407 677 442 738 in
464 699 496 739 v.
520 681 644 759 Κανωβ.
668 676 938 739 Emendationem
960 677 1045 741 bane
1068 682 1224 765 reperies
1243 684 1275 745 in

163 775 252 839 notis
276 768 325 829 Jo.
343 764 464 839 Clerici,
489 761 530 821 ud
545 762 657 845 fragm.
674 760 845 826 Menandr.
863 783 936 846 pag.
947 770 1023 831 250.
1039 765 1148 827 editis
1165 790 1276 833 mense

164 852 342 941 septembr.
359 849 437 910 anni
455 853 548 913 1709.
564 868 636 907 curn
657 866 718 929 ego
730 849 792 926 jam
809 848 844 905 in
860 848 1038 926 specimine
1053 872 1155 931 meu,
1189 852 1279 937 quod
1315 841 1317 926 i

164 940 290 1030 prodiit
306 954 415 997 mense
425 931 577 994 Februar.
592 930 670 989 anni
686 937 778 998 1708.
791 930 915 1011 publici
932 934 1012 1012 juris
1026 934 1190 1003 feceram.
1214 940 1279 1001 So.
1316 937 1317 940 ’

168 1050 247 1091 nnn.
292 1019 436 1083 Veritate
450 1016 556 1077 victus
571 1015 679 1095 recepi
695 1014 804 1075 Saloni
817 1014 1098 1097 emendationem,
1123 1036 1161 1083 st
1176 1038 1279 1083 muts·

165 1115 201 1177 vi
225 1108 345 1172 Gesneri
363 1102 560 1176 versionem,
590 1119 650 1181 pro
670 1102 769 1175 uiam,
799 1099 890 1161 limen
908 1122 1081 1182 reponens.
1130 1106 1179 1167 In
1197 1106 1279 1172 Edd.

166 1193 381 1263 variationem
398 1206 465 1246 non
486 1186 583 1246 aliam
604 1185 724 1263 reperi,
748 1206 841 1266 quarn
861 1184 950 1265 quod
961 1186 1041 1252 Αἶά.
1055 1204 1096 1251 et
1107 1190 1207 1275 Hog.
1223 1192 1282 1253 ba-

167 1282 266 1344 beant
285 1270 361 1340 idei
377 1274 482 1350 ἐσμεν,
510 1267 673 1329 enclitice.
716 1268 810 1328 Aliae
830 1269 920 1350 ἐσμὲν
939 1293 1011 1331 cnm
1032 1290 1196 1341 accentu.
1241 1280 1284 1339 Et

169 1360 317 1451 quamvis
332 1360 393 1423 ἐστι
409 1354 464 1414 bic
484 1372 612 1436 quoque
627 1367 791 1413 accentum
809 1354 956 1416 amittere
970 1355 1104 1437 debeat,
1128 1362 1281 1443 expressi

167 1465 275 1512 tamen
289 1443 372 1506 Mas.
387 1439 586 1521 scripturam.
607 1437 731 1501 Rarrz.
773 1438 862 1520 Ergo
884 1438 1092 1502 librariorum
1116 1448 1281 1529 qualium·

168 1550 296 1612 cunque
313 1524 536 1587 auctoritatem
552 1523 681 1603 majoris
702 1522 902 1598 aestimavit,
924 1545 1018 1606 quarn
1032 1528 1205 1605 tationIs3
1230 1530 1282 1593 cni

169 1612 300 1705 quidem
316 1609 450 1673 omniuo
463 1605 683 1668 adversaretur
693 1621 854 1670 accentus.
898 1610 1079 1671 Encliticas
1095 1628 1217 1677 autem
1229 1638 1282 1680 vo.

169 1720 221 1764 ces
237 1719 312 1781 prae
329 1692 443 1757 ceteris
460 1691 609 1753 omnibus
625 1692 795 1752 maximam
815 1692 1017 1755 librariorum
1039 1696 1219 1761 incuriam
1233 1706 1282 1764 rel

168 1782 334 1847 licentIam
352 1792 498 1860 expertas
512 1797 579 1838 esse
595 1790 739 1853 constat,
763 1792 801 1837 ut
816 1777 922 1859 ipsum
936 1784 1110 1862 vulgatum
1135 1785 1235 1867 δσμὲν
1251 1800 1281 1849 et

168 1870 259 1951 ἐσμεν
283 1864 464 1949 promiscue
486 1862 639 1943 scriptum
669 1859 775 1923 docet.
831 1862 939 1924 Saloni
968 1880 1077 1927 autem
1110 1888 1196 1953 egre
1221 1872 1281 1931 iam

168 1950 424 2019 emendationem
443 1945 595 2029 probavit
617 1944 712 2006 etiam
733 1945 857 2007 Censor
879 1947 968 2013 Edit.
986 1949 1087 2016 Reitz.
1108 1950 1154 2013 in.
1167 1892 1279 2021 nitur,

168 2039 258 2100 Actt.
282 2032 406 2097 Erudd.
429 2053 458 2099 a.
484 2034 576 2100 174⁵.
598 2046 632 2092 et
652 2046 858 2111 receperunt,
887 2046 925 2093 ut
943 2048 1110 2115 parerat,
1142 2054 1281 2107 recentt.

167 2121 252 2186 Edd.
275 2122 393 2183 Leuat.

254 2204 334 2267 idid.
348 2201 474 2275 Ἔστιν)
498 2198 555 2264 sic
567 2199 619 2263 Μ.
635 2212 668 2261 et
680 2198 719 2261 L.
741 2198 883 2280 Melius,
913 2224 1008 2289 quam
1023 2220 1062 2267 ut
1081 2204 1123 2267 iu
1140 2210 1280 2295 reliquis

168 2307 232 2370 est,
255 2291 351 2368 ἐσμέν.
374 2288 502 2349 Sonan.
1100 2336 1103 2341 .
1178 2282 1181 2291 '
1211 2326 1219 2341 .

252 2374 330 2437 Eud.
345 2377 367 2433 l.
383 2379 434 2438 14.
458 2369 612 2451 Πλησίον)
633 2369 722 2429 Haec
734 2391 802 2431 vox
817 2371 852 2431 in
867 2375 939 2437 Par.
953 2374 1064 2436 nescio
1079 2398 1127 2439 an
1143 2384 1279 2443 consul·

167 2476 216 2537 to,
232 2472 316 2521 certe
330 2477 440 2539 prave,
462 2469 584 2515 mutata
601 2466 667 2534 est,·
687 2456 778 2520 πλέον
792 2457 878 2518 enirn
895 2459 943 2518 ibi
959 2460 1091 2544 legitur.
1139 2464 1189 2527 In
1205 2488 1286 2529 on·-

166 2546 264 2607 nibus
282 2544 374 2623 impr.
392 2556 424 2603 et
440 2542 489 2601 M.
506 2554 591 2602 recte
604 2543 741 2619 πλησίον.
765 2542 890 2603 δοσιν.

193 2628 195 2633 ’
250 2628 328 2710 Peg.
345 2633 416 2693 109.
433 2629 498 2693 1.2.
518 2619 572 2689 Ἐν
592 2618 725 2707 sinodis)
753 2625 921 2689 Picrsonius
939 2626 977 2688 ad
998 2628 1099 2697 Moer.
1123 2632 1276 2703 Atticm,

165 2718 221 2795 (p.
236 2717 312 2795 61.)
331 2709 518 2774 emendabat
535 2712 569 2777 iv
589 2704 699 2795 ἀηδίᾳ,
723 2713 917 2773 assentiente
934 2713 1052 2776 Boline.
1074 2717 1156 2781 Bra.
1203 2716 1277 2805 ’Λη-

62 2850 66 2857 .
167 2803 235 2877 δίας
250 2796 363 2874 πολλαὶς
383 2792 546 2879 ὑπομένειν
560 2801 611 2859 vel
624 2792 808 2877 οἷνασχὲσθαι
830 2796 884 2856 De
897 2799 999 2864 Meto.
1018 2798 1128 2864 Cond.
1148 2826 1180 2869 o.
1196 2814 1230 2877 8.
1245 2822 1276 2869 st

165 2895 220 2955 33.
236 2885 399 2945 Praestare
422 2898 526 2942 tamen
550 2880 582 2942 b.
604 2885 625 2943 l.
650 2880 731 2939 mihi
755 2879 884 2942 videtur
906 2875 1033 2962 οἶκηόία,
1062 2888 1193 2950 incuria
1213 2896 1275 2969 ω’,

167 2995 263 3031 rerum
285 2991 423 3044 suarum,
450 2969 595 3050 imprimis
614 2964 857 3042 domesticarum,
880 2966 1044 3049 neglectus,
1070 2974 1185 3052 qualis
1209 2992 1277 3039 erat

166 3055 351 3115 Stoicorum
368 3050 523 3125 maxime3
547 3052 590 3115 of.
605 3071 674 3132 cap.
695 3057 744 3117 10.
762 3070 826 3132 quo
842 3064 875 3111 et
887 3051 959 3133 ipso
973 3056 1045 3114 loco
1058 3052 1225 3136 κήδεσθαι
1237 3061 1278 3125 ds

166 3136 275 3203 eadem
292 3158 335 3198 re.
359 3136 479 3197 Laus.

249 3220 367 3285 Ead.1.
385 3226 416 3287 4.
440 3222 568 3285 Εἴκοσιν
581 3218 656 3302 ἕνη)
678 3216 754 3281 Vid.
770 3240 857 3301 supr.
874 3241 901 3280 c·
919 3224 971 3288 59.
990 3220 1047 3285 fin.
1071 3224 1212 3295 Sorte-nr.

251 3304 329 3367 Ead.
345 3301 713 3389 1.5.Ἧτίςέγγνηιη“ς)
742 3304 829 3363 Mira
845 3319 921 3364 sunt
935 3304 1022 3368 baec.
1044 3308 1085 3371 B.
1100 3318 1134 3377 2.
1150 3316 1199 3379 εἰ·
1222 3316 1275 3377 ni.

164 3391 236 3455 bilo
249 3392 361 3453 melius
374 3391 423 3451 M.
439 3381 471 3472 ἦ.
517 3389 606 3473 Quid
627 3388 791 3469 scripserit
813 3389 997 3468 Lucienus,
1022 3395 1155 3471 nesci03
1182 3416 1276 3465 certo

164 3476 252 3538 nibil
272 3474 398 3538 borum.
428 3476 556 3538 Sanan.
607 3474 742 3553 Scripsit
763 3475 805 3549 εἰ,
841 3473 927 3558 quod
947 3490 980 3536 et
1002 3477 1042 3545 Β.
1066 3487 1096 3547 3.
1121 3480 1275 3549 exhibet.

165 3556 254 3642 81οῆ
268 3576 302 3623 et
316 3564 343 3626 εἰ
357 3562 491 3622 confusa
506 3581 602 3641 supra
618 3581 644 3619 c.
663 3566 715 3624 20.
730 3578 795 3639 quo
809 3562 882 3618 loco
897 3552 919 3641 ἦ
931 3564 1028 3645 vulgo
1041 3562 1188 3643 editum,
1205 3570 1275 3641 ‘sed

165 3644 199 3706 in
220 3644 335 3706 iisdem
348 3648 385 3711 Β.
401 3654 432 3713 2.
447 3661 479 3706 et
492 3654 522 3714 3.
539 3656 697 3706 servatum
716 3642 892 3724 genuinum
907 3648 942 3709 εἰ.
985 3645 1060 3707 Vid.
1076 3646 1123 3708 ibi
1140 3650 1272 3719 Adnot.

164 3726 208 3791 H.
223 3734 246 3793 t.
262 3730 394 3791 miratur
415 3730 557 3811 Stagerus
580 3729 614 3788 in
639 3728 738 3789 Class.
759 3726 872 3791 Journ.
889 3728 963 3796 Vol.
977 3730 1071 3796 XIII.
1085 3754 1119 3811 p.
1135 3742 1192 3803 73.
1211 3760 1275 3803 ve.

164 3834 230 3873 ram
243 3814 416 3875 lectionem
431 3815 468 3876 B.
485 3824 532 3890 2.,
556 3834 649 3895 quam
673 3810 802 3873 Seianus
824 3812 865 3872 ob
886 3820 998 3877 oculos
1021 3815 1188 3901 babuerit,
1212 3824 1272 3885 fa.

164 3895 300 3958 stidiose
317 3897 355 3956 ab
372 3919 410 3960 eo
426 3899 534 3980 sperni
548 3898 704 3979 potuisse.
726 3896 844 3957 Lean.
1281 3950 1285 3955 .

247 3980 327 4044 Ead.
337 3985 359 4045 l.
376 3991 406 4052 .8
430 3982 600 4056 Διῶκοντες
612 3979 649 4048 οὗ
661 3982 843 4062 κατέλαβον)
864 3980 997 4044 sistere
1012 3985 1046 4045 iu
1062 3986 1162 4050 Novo
1178 3990 1211 4051 F
1210 4011 1267 4055 os.

162 4060 236 4127 ders
244 4110 255 4146 ‚
279 4066 373 4149 epist.
386 4067 427 4129 ad
440 4067 530 4134 Rom.
544 4068 610 4146 IX,
628 4074 680 4136 80·
695 4061 769 4133 “On
780 4066 857 4147 ἔθνη
871 4061 907 4131 ri
919 4064 961 4151 μή
980 4069 1131 4139 διώκοντα
1144 4078 1265 4145 dmart-
