2634 4680
255 342 294 390 ru
321 330 502 401 Quonouu
529 329 707 386 nrsronts
735 296 792 384 art·
818 335 967 387 corson.
1083 299 1165 395 6'9'5·

58 503 221 553 auctorem
236 487 335 550 refert
347 486 431 569 ἐρατ.
449 488 551 561 1858,
567 490 598 550 2.
620 482 687 548 lusi
706 487 764 548 νῦν
782 472 878 565 ἦλθεν
901 483 949 551 tnt
969 481 1076 567 στόμα
1087 480 1163 569 uni*

57 579 212 656 Aloxvhou
225 587 286 635 etc.
329 574 374 631 At
385 572 506 650 Dionys.
521 567 628 629 Halia.
642 566 682 626 de
696 574 808 629 struat.
824 588 870 630 or.
885 566 921 647 I,
937 576 970 638 8.·
981 568 1031 634 etl.
1048 573 1155 641 Isauri.

58 661 153 720 aliter
168 674 201 719 et
217 656 331 719 iisdem
344 656 411 717 fera
427 654 563 722 veritis„
573 649 690 734 quihus
707 650 742 710 in
760 652 900 735 vulgatis
919 652 975 714 hic
989 654 1163 735 Luciacus,

58 744 98 803 ad
117 743 203 803 hunc
218 763 332 823 nempe
344 736 494 801 modurn:
518 740 547 802 sl
559 739 696 819 μέλλουσι
711 730 752 816 μὴ
767 741 831 799 πᾶν
846 732 880 814 ὅ,
890 762 916 807 st
932 763 985 803 ssu
1000 734 1048 805 ἐπ’
1067 734 1159 807 sinat-2
1202 788 1205 795 ·

59 832 151 910 ρὶμαν
164 833 301 911 γλῶσσαν
319 827 390 897 ἔπος
405 826 479 909 ἔλθῃ
495 824 607 907 λέγειν.
629 823 706 902 μηδὲ
720 823 787 901 εἰκῆ
798 814 967 901 συνθήσειν
980 823 1016 887 'coi
1032 827 1162 905 npo'ctoi

56 911 151 995 χόντα
169 906 315 994 αλλήλοις.
359 906 545 992 Eodemque
573 925 700 989 prorsus
724 903 821 966 modo
843 905 1015 970 Athenaeus
1034 912 1090 972 lib.
1116 914 1156 973 V.

59 1019 91 1078 p.
108 1005 179 1063 217.
198 995 234 1056 C.
256 995 315 1055 ubi
330 999 464 1075 politas,
487 1012 580 1074 quern
594 1010 659 1051 nou
674 989 839 1066 nominat,
864 990 990 1056 tribuit.
1035 992 1162 1058 Confer

61 1080 160 1143 Grotii
177 1092 315 1161 excerpt.
339 1079 385 1152 V,
403 1085 434 1146 8.
456 1077 586 1140 Souara.
743 1115 745 1119 ι
1097 1067 1105 1082 ’
1159 1099 1162 1105 ·
1199 1095 1202 1101 ’

144 1164 222 1226 Eat.
246 1167 323 1230 1.’7.
349 1155 420 1226 ’Enl
437 1152 622 1248 sinarplpstv)
645 1155 718 1226 'Etsi
737 1159 789 1226 slah
807 1157 890 1242 ῥῆμα
911 1157 945 1219 in
966 1159 1048 1229 Coti,
1071 1163 1158 1229 Fiat.

57 1249 193 1318 Bonna.
238 1249 267 1307 E
284 1247 440 1329 scriptore
452 1245 578 1306 Dorico
594 1260 751 1327 tumturn,
773 1259 812 1304 ut
824 1239 970 1325 viderur,
993 1249 1160 1328 proverbi-

60 1359 132 1410 um,
156 1330 244 1415 quod
259 1330 408 1392 damnare
422 1329 464 1392 oh
480 1328 513 1390 id
530 1350 597 1391 non
612 1330 733 1408 susim,
758 1326 846 1413 quod
863 1327 1006 1390 nondum
1028 1332 1161 1395 aliunde

62 1423 299 1503 prolatumsst.
342 1417 457 1477 Fortua
477 1428 642 1477 certenon
663 1417 761 1486 mala,
793 1426 830 1474 ut
848 1410 989 1498 γόνιμος,
1017 1415 1161 1499 ἄλκιμος,
1189 1431 1192 1437 ’
1298 1444 1302 1453 ·

64 1500 234 1584 φρόνιμος,
272 1515 323 1578 ct,
363 1499 452 1583 quod
481 1502 576 1580 plane
598 1498 704 1561 simile
723 1511 790 1574 est,
825 1500 980 1580 σααρπός
1000 1497 1160 1585 κάρπιμος.

65 1590 170 1648 Gcsn.
214 1584 290 1649 Vid.
310 1583 453 1647 Valcken.
475 1583 617 1646 Diatrib.
638 1583 752 1664 Eurip.
767 1603 799 1664 p.
815 1588 887 1651 288.
903 1583 940 1645 C.
959 1587 1160 1670 etimprimil

64 1671 218 1759 Schagfer.
237 1669 276 1730 ad
294 1672 417 1749 Dionys.
439 1668 478 1730 da
493 1669 605 1750 Comp.
624 1667 740 1729 Varbh.
757 1688 829 1750 pag.
850 1676 897 1735 ιθ.
918 1677 968 1736 ts.
1012 1672 1160 1734 Ceteram

62 1756 187 1818 Belinus
203 1755 238 1815 in
252 1769 331 1816 nota
346 1754 386 1814 ad
402 1752 581 1814 versionem
597 1755 686 1815 Tam.
703 1753 747 1812 Π.
765 1770 795 1832 p.
812 1758 884 1821 896.
906 1768 1031 1833 monet,
1053 1760 1160 1818 locuni

59 1841 164 1922 Eurip.
183 1839 302 1899 Bacch.
333 1859 364 1898 v.
384 1839 456 1918 385,
482 1836 618 1920 respici,
658 1852 691 1898 et
710 1834 786 1897 satis
805 1837 900 1898 stiam
920 1837 1023 1900 libero
1042 1841 1159 1906 vertit:

57 1951 136 2009 pour
148 1922 250 2007 parler
262 1946 373 1984 comme
384 1947 423 1982 un
433 1925 525 2004 palte.
570 1923 613 1981 At
626 1914 752 2003 ἆχᾶλινα
770 1921 823 1981 illa
838 1920 990 2005 Euripidis
1010 1920 1158 2006 scripura,

60 2012 139 2071 licet
157 2003 394 2089 quodammodo
410 2029 460 2082 re,
484 2002 589 2066 verbis
606 2021 709 2066 tamen
728 2026 795 2065 non
814 2023 998 2089 congruunt
1010 2028 1080 2069 cunt
1096 2004 1160 2072 Lu.

60 2095 144 2155 ciani
155 2093 341 2167 locutione,
365 2111 458 2172 quarn
481 2090 716 2172 proverbialem
732 2090 864 2152 Luciani
883 2095 991 2153 saltam
1015 2104 1159 2178 tempato

58 2177 179 2252 fuisse,
204 2175 344 2236 declarat
356 2196 421 2235 vox
435 2178 539 2256 φασίν.
562 2175 682 2237 Lanu.

144 2253 222 2322 Eat.
242 2265 263 2326 l.
284 2268 335 2327 11.
362 2252 522 2338 Ἀτθίδος)
553 2261 730 2342 Scripserat
752 2259 949 2324 Philochorus
970 2260 1157 2343 historiam,
1269 2264 1273 2271 ’

59 2345 113 2406 cui
140 2344 204 2406 hoc
225 2366 341 2406 nomen
361 2347 491 2409 facerat.
538 2342 623 2406 Vide
648 2343 754 2410 Schol.
781 2344 820 2405 ad
839 2354 952 2431 Σαγγρ.
974 2369 1027 2410 no.
1051 2356 1102 2418 32.
1125 2362 1159 2413 et

58 2432 174 2494 Marm.
192 2430 256 2493 Ox.
275 2439 324 2499 13.
339 2431 362 2496 f.
377 2445 410 2490 et
425 2451 505 2515 quos
530 2429 640 2490 laudat
653 2430 743 2494 Pons.
760 2429 795 2490 iu
811 2429 909 2493 Phoc.
926 2446 961 2493 at
974 2433 1084 2496 Athen.
1100 2435 1159 2503 vl.
1213 2454 1216 2459 ’

59 2517 186 2579 sousa.
229 2509 353 2580 Ἀτθίδα
364 2515 516 2594 scripsere
530 2514 727 2575 Philochorus
739 2513 823 2595 apud
837 2514 1105 2598 Harpocrationent
1122 2520 1162 2582 in

59 2596 214 2680 θεωρικὸν
232 2615 264 2660 et
286 2598 371 2679 apud
383 2599 588 2661 Athenaeum:
612 2599 750 2680 itemque
768 2598 933 2677 Clidemus,
956 2601 997 2662 da
1013 2625 1077 2685 quo
1095 2603 1160 2666 Ca.

60 2684 182 2746 sarthan.
201 2680 240 2742 ad
253 2683 400 2743 Athenaei
418 2689 474 2758 14,
491 2691 542 2750 23·
559 2703 589 2762 p.
603 2687 677 2749 594.
700 2698 733 2744 et
747 2681 931 2764 Hegesinum
943 2686 1031 2768 apud
1044 2687 1161 2751 Pausa·

60 2773 143 2829 niam
159 2769 272 2829 Boeot.
286 2788 319 2849 p.
334 2771 409 2835 688.
423 2780 503 2826 extr.
526 2765 630 2825 Gusrt.

146 2849 226 2914 llis.
251 2843 401 2935 Ἀνὲγνων
421 2846 502 2933 γὰρ)
530 2850 621 2909 Haec
642 2847 706 2909 duo
728 2846 823 2910 verba
844 2848 975 2914 Salanus
995 2862 1105 2918 noster
1124 2855 1160 2919 iu

60 2935 143 2999 Junt.
156 2933 340 3018 parenthesi
357 2935 549 3011 incluserat,
572 2934 620 2992 sic
633 2932 757 2994 scilicet
771 2930 965 3000 altivolans:
988 2939 1064 3022 quia
1081 2960 1159 3003 varo

61 3018 125 3080 Ed.
142 3023 229 3081 nulls
244 3020 358 3103 praeit,
382 3040 441 3081 nec
456 3017 593 3079 mutatio
609 3017 689 3080 adso
702 3019 889 3096 neccssaria,
912 3042 973 3104 ego
991 3021 1076 3084 nihil
1091 3018 1159 3085 mul

59 3105 138 3170 tavi.
173 3106 285 3166 Potest
297 3105 383 3166 enirn
400 3104 622 3189 quisquaeam
636 3101 844 3187 parenthesin
858 3102 989 3187 alden,
1012 3107 1069 3195 qui
1084 3130 1160 3193 pro.
1259 3120 1262 3126 '

61 3189 126 3255 bat.
149 3190 272 3254 Ratun.

146 3272 225 3336 llil.
243 3269 389 3359 Ἀνὲγναν
399 3267 457 3359 ytip
470 3275 649 3356 Anpntplou
662 3271 878 3359 Σαγαλασὲως)
899 3272 952 3337 Es.
966 3274 1160 3361 Spanhemius

58 3358 200 3422 Dissert.
215 3357 274 3419 IX.
291 3357 330 3420 de
345 3359 465 3421 Praest.
480 3372 512 3421 et
526 3379 587 3419 usu
604 3357 753 3421 numism.
767 3352 863 3420 horel
876 3371 940 3420 tam
955 3381 998 3422 ex
1013 3360 1158 3444 probatis

60 3458 94 3506 ct
108 3444 250 3527 antiquis
269 3442 501 3523 scriptoribus,
532 3463 625 3528 quatu
647 3464 688 3504 cx
710 3440 869 3505 Numisui.
894 3441 1065 3549 leporium
1090 3460 1158 3509 sato

59 3536 108 3594 Σα
127 3531 287 3605 αλασσὲως.
365 3528 420 3588 uin
446 3525 510 3588 imo
534 3524 619 3610 aput]
644 3526 824 3612 Stephanum
846 3532 1060 3635 Scapulanos,
1099 3527 1158 3615 qui

60 3555 152 3674 adiit
167 3613 262 3675 etiam
281 3613 344 3673 scri
369 3613 379 3672 i
395 3613 575 3696 Σὲλγησσος.
618 3609 692 3673 Vitl.
712 3612 857 3674 Thomam
868 3612 1000 3690 Ptnedo,
1023 3627 1057 3677 at
1076 3627 1159 3678 etu-

59 3697 233 3758 ditissimas
244 3699 348 3760 Lucae
361 3695 513 3758 Holstenii
523 3708 635 3768 notas,
662 3710 692 3777 p.
709 3703 783 3765 267.
806 3697 898 3757 Ausa.
1109 3702 1117 3739 ¹

143 3782 222 3842 Eat.
236 3787 256 3842 l.
271 3792 320 3849 12.
344 3781 581 3866 Σαγαλασσέως)
602 3779 869 3844 Emendationem
887 3781 914 3844 S
922 3782 1061 3846 'anhmnii
1075 3787 1159 3846 σόα-

58 3867 164 3929 firmat
177 3868 233 3929 W.
257 3866 430 3947 Quadratus
444 3879 568 3936 autem,
597 3866 655 3948 qui
676 3869 788 3947 paullo
808 3879 884 3948 post
907 3806 1003 3946 hujus
1025 3867 1100 3930 salt
1125 3878 1159 3930 st

59 3955 129 4033 ipse
147 3949 312 4012 historiam
336 3951 484 4034 scripsit,
526 3949 657 4011 titulum
680 3971 756 4012 suas
777 3949 913 4012 eundern
937 3951 1038 4013 ferrus
1056 3952 1156 4031 fecit,

56 4055 173 4119 nempe
195 4031 412 4119 Παρθαήνιαα
456 4034 601 4097 ,Consule
622 4031 753 4096 Salmas.
778 4047 847 4096 not.
874 4035 909 4096 in
932 4033 1061 4119 Capitol.
1080 4035 1155 4100 Vsr.

58 4143 85 4188 c.
98 4128 128 4190 8„
151 4119 314 4202 Traiectio
331 4120 488 4209 insignis,
511 4138 584 4185 uara
599 4127 638 4185 A.
655 4124 693 4186 Σ.
709 4127 752 4187 Π.
768 4119 961 4258 interpresrp
975 4122 1158 4186 incuruata·

886 4226 905 4258 n
