2634 4680
299 330 905 381 rnnnnnorrssuss.
1077 314 1154 387 447

57 478 193 542 eundem
211 476 377 539 nonnullis
390 489 496 537 tamen
512 477 674 538 interdum
685 493 866 560 suspectum
880 478 991 539 fuisse.
1035 477 1160 563 Quare,

59 565 157 624 sicui
178 567 322 644 exempla
344 583 412 622 non
428 578 635 641 succurrunt,
658 562 768 625 videat
787 563 880 625 Jensii
891 564 1000 626 Lectt.
1014 563 1153 631 Lucian.

59 673 78 709 a
94 673 127 733 p.
140 656 192 716 27.
207 646 246 707 ad
261 652 312 734 35.
330 660 362 709 et
382 667 462 732 quos
483 648 584 710 frater
597 647 632 714 G.
653 648 689 713 0.
702 647 836 710 Reitzius
857 648 990 709 adducit
1009 649 1045 709 in
1062 649 1161 757 Balp..

59 735 172 796 Graec.
188 756 219 816 p.
234 739 310 802 385·¹
352 731 622 813 Quiliustantum
638 731 724 794 addo
742 733 813 798 Aet.
829 733 870 794 V.
882 735 927 797 H.
938 743 977 806 2,
992 741 1044 803 36.
1065 727 1156 816 ν’ρρω-

58 842 147 900 τησε,
168 825 234 892 πῶς
249 821 323 900 ἔχει,
346 815 403 875 ubi
420 830 525 878 tamen
548 818 644 880 facile
662 818 858 899 suspiceris,
882 821 946 901 ἔχοι
959 817 1163 900 legandum*

60 905 136 987 quia
152 925 218 986 cap.
234 903 383 984 proximo
400 897 542 980 dixerat,
565 898 670 984 ἤρετο,
691 907 720 966 τί
731 902 865 985 πράττοι.
892 902 957 966 Sed
966 902 1057 963 ,nihil
1072 925 1154 984 opus

60 1003 118 1051 est.
148 989 246 1050 Conf.
263 1009 339 1051 mox
357 1008 383 1051 c.
401 993 452 1053 63·
474 978 666 1052 virescis-3
679 986 821 1070 δράσειςς
845 1003 886 1051 et·
900 988 1043 1049 Manum
1069 987 1162 1050 infru.

59 1097 87 1135 c.
103 1082 153 1141 81.
169 1075 192 1134 f.
207 1075 261 1138 ’ταί
272 1079 328 1150 τῆς
340 1096 373 1155 ys
384 1068 500 1154 μητρὸς.
513 1068 658 1158 ἐρομίνης
673 1070 783 1149 αὐτὸν,
813 1076 843 1138 τί
864 1074 1067 1158 ταῦτα’ληρεῖ.
1109 1073 1156 1133 Et

59 1157 240 1220 sexcenties
256 1155 343 1217 alibi.
367 1157 489 1216 llerrz.
877 1206 880 1211 .

143 1234 257 1304 Ecdil.
275 1248 325 1308 10.
344 1233 396 1305 Ἐν
418 1236 719 1322 δοοῖν)-·1)ιι1>ἰιονῖ
738 1239 959 1326 aliquamdiu,
987 1263 1065 1303 num
1086 1240 1153 1316 sic,

61 1341 118 1387 aut
133 1323 459 1409 {visi-&legendnm
476 1341 573 1404 esset.;
595 1326 650 1388 scd
663 1328 758 1390 video
774 1342 807 1390 ct
817 1328 980 1392 Isocratem
992 1327 1163 1389 sicfermc.

61 1409 225 1489 locutum',
248 1430 280 1493 p.
293 1428 334 1472 sn.
349 1416 401 1487 85,
419 1418 447 1476 1.
471 1403 569 1496 ὀλίγον
582 1408 660 1496 πρὸς
670 1411 783 1488 πολλὰς
792 1411 942 1494 μυριάδας
951 1409 1048 1489 denec
1061 1412 1094 1476 ἐν
1105 1407 1157 1474 cil-

62 1500 194 1580 λοτρίαις
216 1503 330 1578 ψυχαῖς
348 1498 498 1577 μέλλοντος
519 1495 725 1568 κινδυνεύειν·
757 1512 790 1559 et
808 1492 960 1562 Desinit
980 1497 1162 1576 ·148·,’1..ἐν.
1185 1552 1192 1556 .

60 1591 127 1646 τοῖν
141 1586 232 1646 δνοῖν
245 1575 371 1666 ὀβολοῖν
385 1578 540 1660 ἐθεώρουν
555 1576 605 1645 iis.
628 1578 752 1644 sonis.
1084 1646 1088 1670 ,
1109 1658 1113 1665 .

144 1666 223 1731 Eud.
240 1671 268 1727 1.-
281 1674 330 1734 11.
350 1664 412 1740 Ὣς
424 1668 475 1729 καί
488 1661 580 1740 crisie
602 1701 639 1712 —-
663 1668 810 1749 ἔφησθα)
831 1669 895 1729 Vel*
907 1666 954 1727 ita
970 1663 1098 1726 dedisse
1109 1663 1162 1725 vis

62 1750 154 1810 detur
167 1752 337 1827 Lucienus,
363 1749 399 1814 σδ
412 1745 567 1827 καίαιίτρς
577 1751 700 1833 ἔφησθα
712 1744 749 1815 οὗ
761 1749 870 1836 μικρὸν
884 1749 962 1816 εἶναι
972 1749 1082 1814 κακὸν·
1104 1753 1167 1811 vel.

60 1836 128 1909 ita,
152 1830 193 1911 ὥς
207 1862 236 1899 κ.
252 1861 280 1899 α.
298 1838 319 1899 ἔ.
338 1828 376 1900 osi
390 1861 420 1916 μ.
433 1837 494 1899 ἔστι
508 1831 615 1899 susis.
659 1834 744 1896 Illud
769 1837 854 1896 enim
871 1833 967 1916 ὤφθη
983 1833 1049 1893 huc
1064 1854 1166 1895 rest».

64 1942 153 1997 care,
178 1940 249 1979 cum
266 1921 329 1979 alia
341 1925 404 2002 jem
422 1919 624 1989 constructio
643 1919 878 1995 intercesserit,
900 1917 1074 1982 videbatur
1094 1917 1160 1978 du-

60 2006 249 2063 riusculum.
288 2003 391 2064 Grex.
432 2003 510 2063 Non
538 2003 705 2080 dubitavi,
738 2026 813 2064 cum
841 2003 957 2066 Solane
987 2001 1069 2063 illud
1097 1998 1157 2079 iic,

62 2086 455 2170 quod-Edd..habebant,
492 2103 667 2169 praeeunte
688 2086 769 2150 cod.
790 2089 826 2155 P.
848 2089 982 2171 ejicere;
1014 2092 1090 2147 'uam
1110 2089 1159 2148 sic
1277 2130 1280 2137 ,

62 2194 172 2233 sensus
186 2172 223 2232 fit
234 2177 366 2256 planust
389 2172 418 2232 si
436 2172 522 2234 enim
537 2167 580 2249 ὥς
593 2173 748 2236 retineas:
771 2171 860 2234 illud
873 2194 1009 2256 sequens
1024 2171 1104 2238 εἶναι
1122 2173 1159 2235 iu

62 2259 142 2322 ἔσται
158 2262 210 2320 vel
226 2256 485 2323 testmutandum
502 2260 606 2338 forat,
628 2273 666 2319 ut
688 2279 806 2321 nexum
830 2256 999 2344 indaganti
1021 2257 1158 2339 patebit.
1255 2286 1261 2295 ·

63 2343 210 2403 Ceterum
226 2345 259 2408 ἐν
270 2350 313 2428 τῷ
326 2344 719 2430 ονρφετρῖπαραποίιεῖσθαι
733 2337 769 2409 osi
785 2341 895 2428 μικρὸν
908 2340 1021 2423 κακὰν,
1044 2341 1159 2403 habui·

62 2449 131 2486 mus
147 2429 243 2488 etiam
259 2449 355 2511 snpra
372 2451 399 2488 c.
416 2437 445 2495 2.
467 2428 589 2494 nnus.
632 2429 821 2492 Retinnisse
839 2443 946 2490 tamen
973 2423 1016 2503 cit
1039 2425 1159 2509 depre-

63 2510 216 2573 henditur
235 2512 379 2573 Reitzius.
424 2513 486 2575 Sed
513 2514 716 2576 Schmiederus
739 2528 826 2576 recte
848 2513 975 2591 omisit,
1005 2511 1164 2574 Codicum-

61 2597 98 2657 P.
116 2611 254 2659 secutus.
299 2597 362 2656 Pro
375 2593 449 2660 rivus
469 2598 609 2680 &egeras
623 2601 696 2659 Vol.
714 2598 819 2676 XIII,
835 2619 908 2681 pag.
924 2607 975 2666 78.
990 2601 1099 2658 mallet
1112 2599 1169 2678 ιίη.

62 2676 121 2752 δν,
145 2693 353 2742 servatarum
374 2681 534 2762 particula
554 2677 605 2757 ὥς.
647 2680 710 2743 Sed
734 2682 825 2764 prior
846 2684 930 2743 ratio
952 2681 1039 2742 haud
1062 2680 1162 2743 dubie

62 2776 212 2844 praestat.
234 2765 353 2824 Laxans.
1068 2798 1073 2808 ·
1095 2790 1124 2824 ν·

149 2847 229 2911 Ibid.
249 2844 304 2913 Ἐν
319 2843 414 2934 ἆρχῄ)
437 2846 474 2908 In
488 2849 574 2932 hujus
586 2848 817 2932 Diclcgiinitio.
838 2848 949 2910 Bnon.

151 2933 227 3015 Peg.
244 2940 294 3001 86.
312 2934 335 2994 l.
350 2940 380 3000 4.
417 2929 503 2997 Κατὰ
522 2931 580 3015 τὴν
597 2931 785 3017 παροιμίαν)
818 2933 872 2994 Sic
892 2932 965 3014 illa,
996 2930 1090 3016 δι’λίην
1107 2933 1165 3016 pis·
1219 2992 1222 2997 .

66 3019 277 3101 ἕξαντλοῦμεν,·
298 3011 362 3099 ἡδί
374 3020 516 3103 ἐπιρρέει·
538 3023 671 3079 consule
683 3017 1000 3102 paroemiographos.
1044 3021 1084 3079 In
1097 3021 1164 3098 An:

65 3103 139 3186 glis.
158 3098 396 3164 Codrds'an'rata
411 3103 549 3187 paginae
562 3108 634 3174 315.
652 3103 785 3165 omnino
803 3118 963 3186 corrupta.
986 3106 1120 3167 Bonan.

151 3188 229 3248 Ead.
246 3193 268 3249 1.
284 3193 313 3256 5.
335 3182 376 3251 ‘O
390 3194 452 3253 τῶν
460 3195 623 3255 ’Δαναϊδῶν
635 3191 750 3265 πίθος)
771 3188 913 3249 Erasmus
926 3191 961 3248 in
978 3188 1162 3272 proverbio,

65 3273 241 3334 Danaidum
263 3271 385 3338 dolium.
414 3275 547 3338 Bromi
567 3278 769 3351 Α’ίοινοιϊδοῖν)Ι
790 3272 888 3355 Apud
911 3275 992 3335 alios
1014 3270 1164 3334 scribitur

66 3359 131 3417 alio
149 3373 302 3429 accentu,
325 3364 499 3425 Δαναΐδων.
543 3362 582 3422 In
605 3360 676 3422 Par.
697 3373 765 3420 erat
779 3359 900 3419 vitiose
922 3364 1085 3423 Δαναϊδῶν
1105 3356 1164 3417 du·

65 3443 144 3522 plici
159 3456 303 3523 accentu.
326 3443 371 3503 At
385 3465 444 3505 nos
461 3445 652 3527 scripturam
667 3443 751 3506 Edd.
766 3444 795 3510 J.
812 3443 892 3507 Ald.
906 3444 946 3505 Β.
962 3453 991 3511 2.
1006 3457 1040 3506 et
1056 3441 1087 3502 S.
1103 3456 1168 3506 stt.

66 3524 1164 3695 {ll&illlis-⁰g⁰l⁶rllllssff²mutl¹¹32llsmmill:

67 3694 278 3759 credendum:
302 3696 337 3756 id
352 3639 441 3787 quiid
454 3713 559 3760 tamen
578 3636 731 3759 vix‘inibi
742 3697 936 3779 persuadeor
965 3696 1022 3759 sed
1043 3695 1165 3757 rectius

67 3799 139 3837 cum
155 3779 251 3839 suada
266 3786 429 3847 Δαναίδων
444 3782 648 3845 scribendum
669 3783 819 3844 existimo
837 3804 855 3842 a
877 3779 1081 3843 nominativo
1096 3787 1166 3843 Δα-

66 3867 153 3938 ναῒς,
182 3877 219 3922 nt
239 3866 338 3946 δίπίς,
368 3870 497 3932 ἐλπίδων
505 3919 514 3948 ,
544 3865 680 3950 tupris,
707 3866 881 3949 λαμπάδων.
925 3867 1060 3927 Interim
1084 3885 1175 3927 con--

67 3960 204 4006 stantem
228 3964 306 4010 vett.
325 3952 410 4015 Edd.
442 3953 613 4014 lectionem
641 3951 832 4033 expressisse
859 3950 941 4011 mihi
962 3948 1070 4010 fraudi
1095 3970 1164 4011 nou

67 4030 140 4092 erit.
164 4031 288 4092 Rssr‘rz·
333 4037 485 4099 Graviter
496 4050 600 4100 tamen
618 4050 785 4121 propterea
808 4036 843 4097 in
863 4035 1000 4098 Reitzrms
1019 4031 1166 4095 animad-

65 4117 167 4177 vertit
182 4116 303 4178 Censor
318 4125 387 4204 ejus
403 4122 438 4183 in
452 4124 560 4190 Novv.
575 4125 662 4188 Actt.
679 4120 801 4186 Erudd.
824 4142 851 4185 a.
871 4127 1053 4205 ludam·
1070 4124 1180 4197 stt-s.
