2634 4680
299 283 905 398 suusnnon'rnnrs.
1076 286 1159 369 615

60 475 142 519 tuum
152 455 298 541 judicium
309 455 449 516 serraturis
460 450 610 528 omnibus,
632 450 731 536 qualis
742 450 892 515 ludendos
901 457 956 515 sim
963 498 974 531 ,
997 438 1153 522 constabit.

60 545 105 602 At
117 565 159 604 ne
173 542 268 602 verbo
284 543 365 598 male
381 537 442 600 sibi
459 537 654 598 ominaretur
672 537 841 613 Lucienus,
871 540 905 598 in
929 561 1009 607 voce
1029 539 1155 609 sederam

60 627 210 707 repressit
224 620 378 708 loquendi
391 642 534 695 cursum
558 642 629 682 cum
644 619 806 682 debuisset
817 643 850 684 se
872 622 906 681 ui
919 627 1079 706 χείριστον,
1102 635 1155 690 ηρ

61 711 175 773 simile.
198 709 292 773 Jnus.
329 702 516 770 Ἢπᾶνκοον
537 751 546 768 .
571 750 580 769 .
603 749 612 768 .
635 698 702 784 stirp.
724 704 757 769 di
774 708 824 787 χ.)
852 645 906 767 bic
928 731 999 769 cum
1023 714 1154 792 punctis

62 793 114 854 edi
132 795 330 868 curavimus,
362 790 477 874 quibus
497 784 705 871 ἀποσιώπησις
721 788 952 873 designaretur,
986 815 1051 876 quo
1067 796 1155 858 facto

59 877 183 961 liquida
202 881 264 961 jam
289 876 409 936 omnia.
451 877 570 938 Sensus
592 874 698 935 aute‘m
722 872 801 936 sdeo
820 876 1010 956 perspicuus
1031 893 1095 954 est,
1116 895 1156 943 ut
1178 928 1180 932 .

59 965 174 1039 mirer,
197 984 259 1046 qua
275 959 404 1022 ratione
419 958 540 1018 factum
555 957 615 1035 sit,
636 973 674 1018 ut
690 957 776 1018 viros
791 956 995 1022 doctissimos
1014 962 1153 1044 fugerit,

60 1049 243 1128 praesertim
257 1066 330 1106 cum
344 1042 504 1126 posterior
517 1042 672 1125 interpres
688 1056 774 1104 recte
786 1044 991 1125 aposiopesin
1007 1045 1155 1109 observa.

59 1133 114 1192 rit.
158 1131 245 1193 Nota
263 1141 367 1188 autem
382 1140 524 1188 veterum
538 1127 726 1208 s'nperstitio
740 1124 774 1186 in
788 1125 881 1188 rebus
895 1127 1026 1211 agendis
1042 1130 1155 1193 incbo·
1221 1129 1227 1145 '

61 1213 172 1291 andis,
201 1218 291 1294 cujus
313 1213 457 1293 exempla
479 1209 596 1291 passim
615 1209 700 1294 apud
728 1223 873 1274 suctores
895 1228 1085 1292 occurrunt3
1115 1213 1156 1280 da

61 1321 124 1381 qua
142 1298 308 1364 Οαεοαόοκ.
322 1295 363 1372 ad
383 1295 527 1378 llseophr.
541 1293 636 1360 Char.
650 1315 684 1377 p.
697 1301 772 1364 322.
816 1294 911 1373 Hanc
922 1317 1010 1358 nunc
1021 1297 1155 1363 silentio

59 1382 138 1444 huic
151 1380 319 1465 praetexit.
340 1382 470 1443 Sonare.
622 1411 625 1415 .
967 1438 969 1442 ,
1112 1412 1115 1417 ·

148 1469 226 1550 1³03.
243 1472 314 1533 149.
335 1469 357 1528 l.
373 1472 404 1533 2
440 1469 513 1529 Πᾶν
537 1459 594 1547 γὰρ
616 1459 678 1546 ἤδη
700 1461 825 1530 στάδιον
844 1452 935 1545 ἦττον
955 1461 1092 1549 φοβερόν
1112 1471 1159 1534 tsi

59 1545 213 1635 Ὀλύμπια
227 1546 264 1616 τὰ
276 1545 388 1635 μεγάλα
400 1546 591 1631 νενικηκότι)
613 1550 686 1610 Ηοσ
708 1555 783 1611 Ιοσο
794 1544 828 1614 τὸ
839 1545 950 1634 μεγάλα
969 1535 1157 1634 uon-eapti

61 1663 124 1716 κει,
145 1635 199 1698 sed
218 1657 272 1713 eo,
293 1634 380 1729 quod
394 1634 427 1693 in
443 1633 589 1716 pluribus
607 1633 689 1695 locis
703 1633 857 1696 Graeciae
878 1635 1048 1696 certamina
1071 1656 1159 1698 sacra

63 1719 304 1795 celebrabantur
319 1719 379 1781 sub
396 1717 621 1800 Olympiorum
639 1717 788 1794 nomina,
800 1717 887 1819 ‘ideo
904 1716 990 1777 dixit
1004 1719 1158 1802 Olympia

62 1801 1158 1973 fftltgtl.ltl⁰l⁶1}2;l.‘3223tliillllllltsll:

62 1975 283 2047 lebrabuntur,
308 1992 390 2054 quae
407 1986 438 2033 et
452 1969 673 2069 antiquissima
689 1990 706 2029 a
723 1970 842 2051 Pelope
858 1983 890 2031 et
902 1969 1041 2032 Hercule
1056 1987 1157 2051 erant,
1207 2016 1211 2022 -

63 2073 96 2117 et
111 2057 311 2118 celeberrime
327 2075 392 2115 non
411 2057 515 2115 solum
528 2076 563 2115 sn
587 2066 655 2114 tota
669 2053 823 2129 Hellade,
852 2052 908 2115 sed
930 2055 1026 2115 etiam
1044 2056 1157 2134 Italia,

65 2141 196 2214 Sicilia,
219 2140 315 2214 Asis,
339 2139 508 2223 Aegypto,
530 2138 642 2221 Syria,
667 2138 863 2217 Cyrenaica,
892 2139 1157 2202 concurrentibus
1227 2202 1230 2212 ,

65 2223 105 2287 nd
121 2228 355 2306 spectaculum,
379 2239 410 2284 et
424 2222 559 2284 athletas
574 2235 606 2283 et
621 2221 790 2307 quadriges
806 2244 844 2286 eo
856 2223 1070 2288 mittentibus.
1090 2225 1159 2288 Mt.

62 2330 143 2371 nora
157 2330 233 2371 vero
250 2308 402 2391 Olympia
418 2320 526 2387 erant,
549 2326 631 2390 qnae
650 2306 892 2369 celebrabantur
911 2308 981 2367 Dio
998 2309 1159 2372 Macedo-
1205 2324 1208 2331 '

63 2394 137 2456 niae
154 2394 193 2455 ab
208 2392 366 2455 Archelao
381 2414 455 2476 rege
467 2393 633 2468 instituta,
656 2390 744 2475 quod
765 2413 824 2454 nos
846 2390 939 2454 docet
956 2394 1159 2457 Demosthenis

64 2478 258 2540 scholiastes
280 2476 517 2539 adorationem
537 2478 605 2556 napi
619 2481 876 2560 παραπρεσβείας,
899 2475 951 2537 bis
964 2479 1086 2540 verbiss
1114 2476 1159 2544 Tei
1272 2503 1275 2509 ·

61 2558 215 2669 ’κΟλῦμπια
230 2564 264 2666 di¹
278 2568 398 2642 πρῶτος
406 2553 564 2665 'fetibus
576 2564 690 2664 tonte
702 2568 756 2639 τῆς
774 2565 971 2636 Μακεδονίας
984 2564 1157 2669 κατέδειξεν,

61 2647 447 2793 llllllmllitalt
457 2647 1158 2807 llll’rlffilli‚‘⁹lt‘llllillll.l⁰t’.⁶lll
1196 2740 1202 2749 ’

65 2814 105 2876 ad
121 2814 248 2895 Olymp.
262 2821 293 2880 7.
313 2811 444 2874 adhaec
457 2813 571 2890 verba,
599 2820 745 2889 κρανααῖς
762 2815 794 2878 ἐν
808 2808 958 2888 Ἀθάναις.
1001 2814 1055 2875 Sic
1071 2816 1158 2877 enim
1180 2814 1184 2823 “

64 2912 312 2961 commentatur:
336 2900 382 2977 εἴη
402 2897 434 2961 di
452 2891 490 2962 ds·
503 2899 564 2962 drot
583 2893 1064 2979 Παναθηναῖαῆτᾶᾟρᾶκλεεα,
1084 2895 1160 2978 sitsi

62 2981 217 3065 Ὀλύμπια
230 2996 292 3044 etc.
323 2982 424 3043 Vetus
439 2980 608 3063 inscriptio
623 2983 789 3055 Romana,
810 2981 924 3066 deque
943 2981 1007 3046 Jos.
1025 2983 1159 3066 Scaliger

64 3067 121 3130 lib.
135 3067 174 3128 de
188 3064 309 3128 emend.
326 3067 560 3147 temp.qninto,
572 3072 687 3148 poro.
710 3065 862 3149 Olympia
877 3069 972 3130 etiam
987 3082 1062 3150 post
1074 3066 1158 3130 Pan.
1207 3063 1211 3070 ’

67 3151 220 3214 athenaea
250 3165 393 3213 recenset
424 3148 609 3236 Hesychius,
641 3144 795 3233 Ὀλύμπια
822 3147 841 3219 d
863 3144 1032 3241 Ἀθήνῃσιν
1062 3147 1157 3237 ‹lyd-a.

64 3237 147 3299 Item
169 3235 231 3296 alia
248 3235 416 3317 Olympia,
441 3256 522 3318 quae
538 3235 716 3316 Smyrnae,
733 3252 765 3298 et
785 3238 867 3316 alia,
890 3258 971 3319 quae
990 3236 1157 3319 Pergami,
1235 3274 1239 3287 ι

66 3335 100 3383 et
113 3323 174 3383 alia
189 3319 417 3400 Alexandriae,
440 3341 575 3402 quorum
587 3321 781 3383 mentionem
797 3321 868 3383 fieri
881 3322 914 3381 in
929 3320 1098 3382 Pandectis
1108 3339 1158 3381 ss-

64 3407 143 3466 serit
158 3403 242 3468 idem
257 3404 401 3486 Scaliger.
446 3405 607 3486 Respectu
629 3404 731 3488 igitur
750 3406 864 3466 borum
888 3406 1031 3467 omnium
1052 3419 1161 3466 certa-

64 3491 202 3570 minum,
227 3511 308 3572 quae
321 3489 380 3549 sub
396 3490 528 3550 nomine
539 3487 915 3572 Olympiorum-diversis
929 3491 1009 3550 loeis
1021 3487 1158 3551 celebra·
1244 3472 1252 3483 ⁸
1284 3545 1297 3563 Ι

63 3575 197 3656 bantur,
219 3575 305 3636 dicte
320 3590 395 3636 sunt
410 3573 562 3655 Olympia
583 3587 696 3658 magna
712 3595 765 3655 ea,
789 3595 871 3658 quae
888 3575 981 3638 Pisae
1004 3572 1158 3635 commit·-
1205 3620 1210 3636 .
1237 3630 1241 3634 .

62 3661 226 3725 rebantur.
248 3661 360 3724 Panas.
406 3661 459 3724 cf.
474 3678 571 3742 supra
587 3658 746 3725 Herodot.
763 3681 791 3723 c.
812 3667 841 3728 1.
859 3661 1009 3756 'Sonam'
1093 3754 1098 3759 ι

495 3912 708 3930 *-
