2634 4680
293 100 366 157 R
429 113 913 166 aaauournnu.
1085 98 1163 177 615

429 261 459 320 ia
470 258 618 336 omnibus,
641 258 740 344 ρασίία
750 260 982 341 habentinam,
1005 267 1161 332 constabit.

491 345 663 404 minaretur
681 346 849 422 Luciumue,
879 349 913 407 in
936 370 1017 416 voce
1037 348 1163 419 πάντων

567 451 637 489 curn
653 428 813 490 debuisset
825 452 858 492 ae
880 431 914 490 ui
927 437 1087 515 χείριστον,
1110 444 1163 499 vel

643 507 710 592 εὖφ.
732 514 764 578 δὲ
782 517 832 596 χ.)
860 454 914 576 iic
936 539 1007 578 cunr
1030 525 1162 600 punctis

680 622 713 661 ··c
729 597 960 682 designaretur3
994 624 1059 685 quo
1074 605 1162 668 facto

729 681 808 744 adeo
828 686 1017 766 perspicuus
1039 703 1102 763 eet,
1124 704 1164 752 ut

697 767 783 827 viror
798 767 1003 831 doctissimoc
1021 772 1161 854 fugerit,

648 872 679 913 ea
695 866 781 912 recte
793 853 998 934 aposiopesin
1015 854 1162 918 observa·

608 936 733 997 cratitio
747 934 781 995 in
795 936 888 997 rebur
902 936 1033 1020 agendis
1049 940 1163 1002 incbo·

564 1042 603 1078 .m
623 1018 707 1103 apud
735 1034 880 1083 auctores
901 1036 1092 1102 occurrunt3
1123 1024 1163 1087 (lo

525 1148 534 1165 .
548 1103 643 1169 Char.
657 1125 691 1185 p.
704 1111 779 1173 322.
823 1103 917 1167 Hanc
929 1126 1017 1167 nunc
1029 1107 1162 1171 aileutio

447 1278 521 1339 Παῖν
544 1269 601 1356 γὰρ
623 1268 685 1356 ἤδη
707 1271 832 1378 στάδιον
851 1261 942 1354 ἦττον
962 1270 1100 1359 φοβερόν
1119 1280 1166 1365 τρῖ

409 1355 598 1440 νενικηκότι)
620 1359 693 1419 Hoc
715 1364 789 1420 loco
801 1384 835 1423 ao
846 1353 957 1443 μεγάλα
976 1382 1041 1420 non
1057 1362 1164 1442 arcoil-

366 1444 434 1503 din
450 1443 596 1525 pluribua
614 1443 695 1504 locia
710 1444 864 1505 Graeciae
885 1445 1055 1505 certamina
1078 1466 1166 1508 aecta

326 1528 385 1589 aub
403 1528 628 1609 Olympiorum
647 1527 795 1604 nomine,
820 1527 894 1588 ideo
911 1526 997 1586 dixit
1012 1529 1164 1612 Olympia

286 1612 500 1674 differentiam
517 1632 646 1688 eorum,
675 1632 757 1693 quae
772 1612 878 1671 minua
903 1611 1039 1672 celebria
1062 1628 1163 1675 erant.

239 1698 343 1782 ¹igitur
358 1696 511 1776 Olympia
526 1715 657 1777 magna,
680 1716 761 1777 qnae
778 1696 870 1756 Pisae
883 1693 922 1755 ad
937 1695 1097 1776 Alpheum
1113 1720 1165 1760 cc·

200 1796 290 1857 ntur,
314 1801 397 1863 qnae
414 1796 444 1842 et
459 1779 680 1862 antiquissima
696 1801 713 1839 a
730 1781 849 1861 Pelope
865 1793 897 1841 et
909 1779 1048 1842 Hercule
1063 1797 1164 1860 erant,

155 1866 317 1929 ⁴eberrirna
333 1885 399 1925 non
419 1867 521 1924 aolnm
535 1865 569 1923 in
594 1876 662 1923 tota
676 1863 812 1924 Hellade
818 1906 830 1941 ,
859 1862 915 1925 aeri
937 1866 1033 1926 etiam
1051 1866 1164 1944 Italia,

115 1949 203 2024 .rlia,
226 1950 321 2024 Atia,
345 1949 515 2032 Aegypto,
537 1947 649 2030 Syria,
674 1948 870 2027 Cyrenaica,
899 1950 1164 2013 concurrentibua

82 2036 112 2097 ,ἀ
127 2038 362 2117 spectaculum,
385 2048 417 2095 et
431 2031 567 2094 athletae
582 2046 613 2093 et
628 2032 797 2117 quadrigas
813 2055 850 2095 eo
863 2033 1076 2098 mittentibus.
1097 2035 1166 2097 Mi-

67 2141 149 2183 nora
163 2140 240 2181 vero
257 2117 409 2200 Olympia
424 2130 533 2197 erant,
556 2136 638 2200 quae
657 2117 899 2180 celebrabantur
919 2118 989 2177 Dio
1005 2118 1166 2181 Macedo-

68 2204 144 2267 niae
161 2204 200 2265 ab
215 2202 373 2265 Archelao
388 2223 463 2286 rege
475 2203 641 2278 instituta,
664 2201 751 2285 quod
773 2224 831 2262 noa
853 2200 947 2264 docet
963 2202 1166 2266 Demoaalrem'a

70 2288 265 2351 Scholiaatea
287 2286 328 2348 ad
347 2286 525 2350 orationem
544 2288 613 2365 περί
626 2291 883 2370 παραπρεσβείας,
907 2284 958 2347 hir
971 2288 1093 2349 verbir:
1120 2287 1166 2354 Tri

68 2368 222 2456 Ὀλύμπια
237 2374 268 2438 δὲ
285 2379 405 2455 πρῶτος
414 2364 571 2453 Ἀρχέλασς
584 2374 617 2436 iv
632 2376 697 2449 Δίῳ
709 2378 763 2449 τῆς
781 2375 978 2445 Μακεδονίας
991 2373 1164 2453 κατέδειξεν,

67 2454 162 2541 ἤγετο
177 2458 209 2522 δὲ
221 2452 271 2522 ἐπ’
285 2458 389 2532 ἐννέα,
413 2450 454 2530 νίς
468 2458 581 2536 φησίν,
603 2451 715 2536 ἡμέρας
731 2457 912 2538 ίςαρίθμσυς
926 2465 991 2529 ταῖς
1005 2454 1165 2533 Μούσαις.

69 2540 195 2604 Eodem
213 2541 345 2601 nomine
360 2551 451 2600 erant
464 2540 560 2600 etiarn
576 2538 734 2615 Athenio,
757 2552 794 2597 nt
809 2539 903 2600 docet
916 2538 1043 2600 Pindari
1054 2540 1165 2605 Scbol.

70 2624 112 2687 ad
127 2625 255 2706 Olymp.
269 2631 300 2690 7.
321 2621 361 2683 ari
373 2621 452 2682 haec
464 2623 578 2699 verba,
606 2630 752 2699 κρανααῖς
769 2624 801 2687 ἐν
815 2617 965 2697 Ἀθάναις.
1008 2623 1061 2684 Sic
1078 2626 1165 2686 enim

71 2722 319 2772 commentatore
343 2710 390 2789 εἴη
410 2707 442 2771 δὲ
459 2701 498 2772 ἂν
511 2709 572 2773 ivor
590 2702 1071 2788 Παναθηναϊαῆτᾶᾛρίκίεια,
1090 2704 1167 2787 licii

68 2790 225 2876 Ὀλύμπια
237 2805 299 2854 etc.
331 2792 432 2853 Vetus
447 2790 615 2873 inscriptio
630 2792 796 2864 Romana,
817 2790 856 2854 ‹ie
870 2814 931 2875 qna
949 2790 1014 2854 Joa.
1032 2791 1166 2875 Scaliger

70 2878 128 2941 lib.
141 2878 181 2939 de
194 2874 317 2939 emend.
334 2891 428 2957 temp.
436 2877 567 2956 quinto,
580 2881 694 2957 pare.
717 2874 869 2958 Olympia
884 2877 979 2939 etiem
994 2890 1069 2958 port
1081 2878 1165 2938 Pan·
1214 2872 1218 2877 ’

73 2961 228 3024 athenaea
256 2976 401 3024 recenset
431 2959 616 3046 Hesychius,
648 2954 802 3042 Ὀλύμπια
829 2956 848 3027 ὅ
870 2953 1038 3049 Ἀθήνῃσιν
1069 2956 1164 3045 lycio.

71 3047 154 3109 Item
176 3045 239 3107 alia
255 3044 424 3127 Olympia,
448 3065 529 3127 quae
545 3044 716 3125 Smyrnae,
741 3047 873 3126 etalio,
897 3067 978 3128 quae
997 3045 1164 3127 Pergami,

73 3134 181 3194 atalia
196 3130 425 3210 Alexandriae,
447 3150 582 3211 quorum
594 3130 788 3192 mentionem
804 3130 875 3191 fieri
888 3130 921 3189 in
935 3129 1104 3191 Pandectia
1115 3148 1165 3189 aa·

71 3217 150 3277 aerit
165 3214 249 3279 idem
264 3214 409 3296 Scaliger.
453 3214 614 3295 Respecto
636 3214 737 3297 igitur
757 3214 870 3275 borum
894 3214 1038 3274 omnium
1060 3227 1168 3274 certa-

71 3301 210 3379 minum,
235 3321 316 3383 qnae
328 3299 388 3358 anb
404 3299 535 3359 nomine
546 3296 771 3381 Olympiorum
787 3298 921 3360 diveraia
935 3299 1016 3359 locia
1028 3296 1166 3359 celebra·

70 3384 205 3466 bantur,
227 3384 312 3445 dicta
327 3398 403 3445 aunt
417 3383 569 3464 Olympia
590 3404 703 3466 magna
719 3404 772 3463 ea,
796 3403 878 3467 quae
896 3384 988 3447 Pirae
1011 3381 1165 3444 commit·
1213 3430 1217 3443 .

69 3470 234 3534 tabantur.
255 3470 367 3533 Pacu.
413 3470 466 3533 cf.
481 3488 578 3551 cupra
594 3467 753 3534 Herodot.
770 3490 797 3532 c.
818 3476 848 3537 1.
870 3470 1016 3535 Sonam·

502 3721 715 3739 m
