2634 4680
156 284 235 363 570
425 288 998 353 an'nors'rronns

39 462 44 469 '
155 459 208 524 nol
220 453 392 539 συνηγμένα
406 446 541 537 seinana.
576 447 640 512 Sed
657 447 824 511 dialectice
839 450 1042 535 interrogata
1061 454 1263 537 collectaque

156 543 333 607 otiamills.
366 538 526 599 Manen..

240 624 318 689 Eat.
339 626 361 687 1.
383 630 413 691 8.
440 618 511 697 ‘ste
538 613 644 707 μόνῳ
670 624 719 705 τῷ
746 622 874 707 σοφῷ]
902 620 1045 685 Videtur
1075 623 1106 683 is
1138 620 1261 704 quidem

156 712 256 776 fuisse
277 708 320 785 εἷς
336 714 397 771 coin
421 699 483 771 dcl
505 711 612 780 στοᾶς,
644 705 701 786 qui
728 704 808 765 alibi
831 710 928 767 etiam
952 704 1099 771 maxime
1121 706 1261 768 ludibrio

155 811 233 859 sunt
254 792 392 855 auctori.
435 791 533 852 Varia
556 789 613 849 isti
627 788 790 871 paradoxa
810 791 991 873 jactabunt,
1013 792 1165 853 similem
1179 796 1261 853 colo·

155 904 221 943 rem
238 876 409 950 habentia3
435 874 621 935 dialecticae
634 874 820 957 rogationes
834 896 909 938 vero
923 875 1030 938 uosiu
1046 874 1190 939 eandem
1200 896 1261 937 seu.

156 964 291 1026 tentiam
314 962 447 1023 ducunt.
506 960 654 1021 Ceterum
685 959 765 1019 bene
787 958 958 1021 nobiscum
980 972 1094 1023 aetum
1116 960 1259 1041 videtur,

155 1048 243 1138 quod
257 1049 324 1110 vita
337 1052 399 1129 jam
414 1046 549 1106 funerus
563 1057 612 1104 est
625 1042 804 1107 Lucienus.
826 1046 918 1110 Rnn.

238 1132 318 1196 End.
334 1138 358 1195 l.
375 1138 424 1199 10.
452 1124 715 1211 Συνηρῶτητο
736 1121 842 1217 αὐτῷ
861 1128 902 1196 cd
923 1128 1006 1214 sco-J
1030 1128 1177 1192 Comics
1195 1127 1258 1192 irri-

154 1220 223 1299 sio,
246 1240 329 1303 quae
345 1218 379 1277 in
395 1215 456 1277 hac
472 1216 610 1275 formula
625 1218 722 1290 latet,
746 1228 942 1276 contemtum
957 1214 1058 1275 simul
1074 1213 1257 1315 significan·

154 1318 203 1369 ter
241 1323 371 1380 vereor,
401 1320 444 1361 ue
474 1301 644 1361 vernacula
665 1298 777 1385 lingua
800 1321 867 1361 nou
896 1300 1002 1381 possit
1024 1298 1140 1364 reddi.
1172 1300 1255 1363 nun.

125 1410 129 1419 ·
151 1387 350 1471 Impeditum
370 1400 479 1446 textus
500 1382 627 1466 vulgati
648 1404 776 1446 sensum
792 1384 934 1447 feliciter
947 1382 1256 1465 expedivit-Gnaei

151 1473 302 1549 solertia,
333 1470 457 1553 quiite
480 1469 594 1545 vertit,
625 1482 662 1528 ut
681 1484 757 1551 post
780 1490 891 1533 vocem
909 1472 1084 1555 προοίμιον
1107 1474 1255 1554 majorem

152 1558 312 1641 cogitaret
336 1554 582 1615 distinctionem
604 1552 764 1635 positam,
788 1575 870 1638 quse
891 1556 987 1617 etiam
1010 1574 1093 1615 vere
1117 1554 1156 1614 in
1178 1554 1254 1622 M.

176 1644 260 1705 osits
275 1640 403 1726 legitur.
434 1638 538 1699 Recte
552 1635 663 1720 itaque
680 1653 805 1701 textum
819 1640 867 1701 sic
881 1640 1019 1701 mutavit
1037 1638 1255 1701 Sclmiedem

150 1663 324 1802 {meteres
339 1739 446 1785 tamen
467 1722 565 1785 etiam
581 1724 739 1805 particula
757 1726 808 1789 καὶ
828 1740 904 1787 autc
927 1722 1025 1786 verbe
1048 1721 1092 1803 τὸΙ
1103 1730 1257 1805 trigamo

150 1814 236 1887 seles·
256 1809 415 1873 excidisse
432 1806 576 1886 videtur,
601 1822 639 1867 ut
657 1808 816 1871 Jocodsius
833 1810 993 1891 conjecit;
1018 1807 1082 1891 qui
1097 1807 1164 1871 Vir
1175 1808 1257 1892 poli·

150 1894 295 1955 tissimus
319 1896 417 1957 etiam
445 1892 578 1955 verbum
603 1895 798 1977 συνηρώτητο
825 1896 984 1975 explicate
1018 1900 1183 1954 non'tsm
1205 1912 1255 1977 per

150 1973 348 2073 ¹murationes,
382 2000 475 2061 quam
498 2003 552 2061 per
569 1976 757 2063 syllogismm
779 1982 972 2062 compositum
992 1992 1069 2039 παὶ.
1114 1976 1176 2041 Do
1197 1997 1256 2061 quo

173 2064 281 2127 uidem
301 2062 393 2125 verbi
412 2064 528 2146 ἐρωτᾶν
547 2084 609 2123 usu
628 2064 714 2125 adire
734 2062 880 2146 jubemur
895 2060 1209 2145 Schwafglaeiumm
1221 2058 1256 2123 sd

149 2088 277 2295 'dirigeret
299 2150 389 2294 Dies.
404 2127 500 2292 'lonii
510 2147 555 2213 ΙΙ.
568 2148 604 2207 P.
621 2148 646 2211 l.
659 2170 692 2231 p.
705 2154 780 2217 509.
826 2147 921 2210 Unde
941 2162 975 2211 et
994 2148 1031 2207 iu
1053 2148 1212 2211 v'ersione
1225 2144 1256 2207 id

151 2254 187 2293 ur
213 2255 298 2295 reare
348 2247 445 2294 ecurt.
499 2254 587 2295 enm.

234 2257 352 2383 Endpl.
371 2325 420 2383 11.
437 2314 634 2400 Ἐγκώμια
654 2316 845 2401 φορτικὰ)
869 2318 945 2379 Stil.
963 2316 1060 2381 Lucii
1086 2316 1182 2397 Veri,
1204 2313 1255 2403 qni

149 2399 300 2463 laudibus
318 2401 447 2463 eximiis
462 2415 616 2480 temerat
630 2401 804 2487 indignus,
827 2418 864 2464 ut
879 2404 991 2487 potius
1012 2401 1166 2488 graviter·
1178 2414 1256 2467 estol

150 2484 442 2569 reprehendendus.
487 2486 539 2550 cf.
557 2486 706 2549 Wieland.
729 2490 820 2549 Ruu.
1247 2549 1253 2562 ,

154 2600 159 2608 ·
237 2572 311 2653 Peg.
331 2578 403 2640 188.
426 2576 448 2634 l.
464 2576 495 2639 6.
519 2566 573 2636 Ἢ
589 2568 682 2638 αὐτὸν
704 2572 819 2658 εἰπεῖν)
847 2574 996 2634 Facessat
1018 2570 1106 2633 illud
1127 2578 1253 2656 μᾶλλον,
1288 2626 1292 2631 .

151 2654 240 2739 quod
255 2655 328 2721 Pell.
343 2655 500 2733 intrudit,
514 2657 559 2717 'in
581 2658 653 2718 eliis
669 2657 772 2719 Godd.
787 2673 819 2720 et
834 2655 918 2719 E'dd.
934 2670 1040 2719 autem
1056 2658 1185 2719 rectius
1199 2656 1255 2739 ab·

150 2758 200 2801 est
242 2764 312 2803 cum
331 2742 407 2802 satis
426 2762 532 2823 per-se
547 2744 692 2825 elliptiee
713 2744 857 2827 intelligi
877 2744 994 2817 soleat,
1021 2739 1111 2801 nt'in
1129 2741 1251 2847 Emi'

147 2786 228 2889 Led
243 2826 359 2888 XVIII
366 2875 375 2904 ,
394 2832 444 2894 14.
467 2830 578 2912 κατέβη
597 2821 688 2903 οὗτος
705 2828 936 2910 δεδικαιωμένος
957 2828 999 2902 εἰς
1019 2821 1075 2889 τὸν
1094 2824 1190 2893 οἷκον
1204 2850 1253 2891 ns·

147 2906 375 3078 :little
390 2910 682 3078 clenni?
696 2909 1252 3078 §stltetritten

147 3084 250 3143 solere
274 3081 475 3159 notavimus,
506 3098 539 3143 et
562 3084 671 3143 forsan
696 3084 842 3163 pluribus
868 3078 1087 3141 indicabimus
1112 3080 1195 3142 infr.
1214 3076 1253 3140 ad

146 3163 232 3233 Gall.
244 3188 271 3228 c.
284 3173 333 3234 18.
355 3167 480 3231 Rarrz.
525 3168 578 3228 cf.
596 3166 713 3231 Gesner.
727 3168 768 3229 sd
781 3170 855 3233 Jov.
872 3166 970 3229 conf.
986 3170 1053 3232 o.7.
1071 3178 1107 3226 et
1120 3161 1251 3228 Domidl.

147 3246 188 3311 td
204 3248 315 3317 Glarit.
331 3272 364 3333 p.
379 3258 452 3319 528.
488 3252 608 3318 Lauro.
1024 3258 1028 3271 '

230 3335 308 3403 Eat.
327 3339 348 3400 l.
363 3343 395 3402 7.
420 3330 681 3423 Ἅμνημονεῦσαι)
710 3337 839 3400 Citatur
868 3336 1033 3397 eLairrio
1055 3329 1094 3399 cd
1117 3329 1253 3419 (ἔρημοι

143 3415 253 3490 velem
277 3422 413 3483 GUYET·
453 3419 691 3507 Ἀμνημονεύειν
705 3422 815 3485 eodem
830 3442 925 3483 sensu
940 3418 1026 3479 dixit
1038 3418 1148 3481 Lair-t.
1166 3416 1253 3503 quod

146 3522 208 3585 ego
230 3503 270 3564 ad
291 3506 446 3569 Loirtium
468 3508 645 3572 observavi.
690 3508 879 3570 Immemorio
902 3504 1053 3565 similiter
1075 3524 1138 3585 pro
1166 3504 1253 3567 obli-

145 3590 247 3656 vione
262 3592 626 3676 usurpavitPapinionus
640 3598 661 3655 l.
677 3601 728 3661 44.
744 3592 782 3656 de
797 3588 991 3673 acquirenda
1005 3590 1058 3649 vel
1072 3588 1252 3653 emittenda

144 3675 367 3751 possessione:
395 3702 513 3760 peregre
531 3680 718 3764 profecturus
742 3682 900 3760 pecuniam
921 3680 953 3737 in
973 3690 1071 3747 terro,
1100 3674 1253 3737 mundae

145 3780 254 3835 causo,
279 3760 470 3825 condiderat:
493 3786 559 3824 cum
579 3788 706 3825 reversus
726 3763 823 3824 locum
840 3762 1181 3823 thesauri'irnmemon'a
1195 3782 1252 3821 non

144 3860 293 3922 repeteret,
318 3870 357 3905 on
372 3844 492 3906 desisset
508 3852 664 3929 pecuniam
675 3848 833 3929 possidere.
857 3849 1004 3908 Manno.
1044 3836 1252 3929 Ἀμνημονεῦ-

143 3950 196 3991 ons
209 3950 275 3989 non
292 3928 493 3992 oblivionem
509 3932 564 3993 hio
578 3934 751 4017 significat,
768 3948 805 3993 ut
819 3931 891 3993 viro
909 3947 1032 3990 summo
1046 3928 1167 3993 visum.
1190 3924 1252 3991 sel

143 4011 227 4071 verti
243 4013 441 4091 necessario,
465 4017 514 4077 nti
530 4018 683 4094 fecimus,
709 4018 813 4080 debet.
858 4018 897 4081 V.
915 4018 969 4075 De
984 4014 1063 4075 salt.
1079 4036 1107 4081 o.
1125 4024 1179 4083 20.
1195 4010 1252 4075 ubi

143 4092 272 4186 quidem
290 4090 472 4183 α’μνημονέω
491 4116 556 4181 ost,
580 4118 618 4165 ut
637 4118 671 4166 et
687 4102 774 4187 apud
797 4100 935 4189 Tlucyd.
950 4100 1021 4177 ΙΙΙ,
1033 4100 1086 4171 40.
1131 4100 1180 4163 At
1200 4096 1253 4161 hic
