2634 4680
247 295 288 343 ns
316 291 498 352 cuonone
523 290 704 342 ιιιετοιαο
724 291 789 342 sin
808 258 964 347 consen.
1073 244 1164 353 e17'

10 436 25 499 'u
57 439 258 505 considerata
269 441 304 501 vi
318 437 408 501 serbi
423 437 623 521 τεθηγμένος,
646 436 734 523 quo'd
748 438 854 501 afetti
867 437 1061 505 audentium
1076 467 1150 506 acu·
1185 514 1189 523 ¹

56 529 145 588 mine
161 525 201 586 ad
221 523 445 585 incitationem
463 522 583 594 enimi,
604 543 645 599 uc¹
657 520 787 583 dicendi
802 523 1051 604 vehementiam,
1074 534 1151 611 pul-v

10 634 23 671 ιι
57 611 134 672 chre
149 610 294 672 refertur.
335 605 455 675 Abesse
469 606 592 669 vult-eh
608 605 765 672 historico
779 607 940 671 forensem
954 610 1041 671 illam
1060 634 1150 696 aspe-

10 694 23 757 ἰ
55 696 203 769 nitatem,
226 708 260 756 et
277 692 515 754 contentiosum
531 711 631 774 genus
648 688 787 753 dicandi.
809 691 925 761 Gneus
957 692 1152 759 Difficulte-

15 768 22 841 ι
56 793 141 853 tem,
170 799 266 861 quam
288 775 418 838 Solemus
440 774 495 835 hic
516 773 664 859 invenit,
695 795 755 858 ego
779 779 899 839 nnllam
915 778 1023 842 video.
1066 780 1150 845 Nam

12 882 21 927 ι
55 883 152 926 voces
166 859 208 945 μὴ
221 865 335 947 κομιδῇ
343 860 527 942 τεθηγμένος
538 858 720 941 pertinent,
741 858 1034 941 ,quidquidcoutra
1043 863 1171 927 decer-⁶

16 952 21 1011 i
55 961 132 1025 nat,
156 944 262 1030 οᾶτήν
281 946 313 1012 δὲ
325 940 451 1026 φωνὴν,
472 963 515 1003 sc.
536 941 631 1007 cetui·
654 956 686 1005 et
703 965 801 1029 quum
822 964 863 1007 ex
884 947 1053 1028 opposito,
1082 942 1149 1015 ἀλλ’
1186 970 1191 979 ·

10 1064 20 1099 ι
56 1028 226 1115 εἰρηνικῶτ.
245 1045 313 1091 tum
329 1050 370 1090 ex
390 1025 713 1110 reprehensionibus,
727 1070 731 1075 -
745 1048 824 1110 quas
849 1048 943 1110 supra
965 1029 1150 1116 habuimus,

10 1146 18 1185 ι
56 1115 136 1176 satis
150 1128 279 1196 apparet
285 1157 297 1187 ,
319 1110 399 1173 haec
413 1133 432 1172 α
447 1111 598 1173 Lucieno
614 1110 797 1193 improbari.
835 1115 1027 1196 Τεθηγμένος
1042 1132 1151 1183 eutem

10 1230 16 1271 t
59 1213 107 1261 est
123 1199 316 1275 concitatus,
338 1195 518 1259 vehemens.
543 1196 586 1257 cf.
602 1209 725 1278 praeter
738 1200 845 1258 locum
858 1198 989 1264 Aristus.
1001 1208 1033 1269 8.
1047 1201 1150 1269 Rhoe.-

10 1346 14 1367 ¹
59 1304 89 1344 c.
107 1292 138 1351 3·
160 1277 283 1370 οἷκρᾶτφ
295 1287 351 1360 τῆς
371 1283 508 1356 διανοίας
524 1273 602 1369 έργῇ
617 1282 815 1366 τεθηγμένον,
835 1306 916 1344 mm
929 1287 1023 1346 animi
1033 1288 1081 1347 irc
1093 1291 1166 1349 in·-

10 1408 14 1443 γ
56 1373 196 1443 citatum,
219 1388 312 1452 quem
328 1364 469 1428 Graevius
482 1366 604 1441 attulit,
626 1385 674 1442 ea,
697 1387 778 1447 quse
789 1366 860 1426 dixi
875 1367 910 1427 in
924 1366 995 1429 Iud.
1006 1370 1151 1455 Aeschyl..

10 1496 12 1505 .
55 1451 217 1518 Pcometh.
230 1473 262 1517 v.
275 1459 349 1521 811.
363 1453 390 1515 ei
400 1451 432 1515 δὲ
443 1440 502 1538 piis
514 1457 630 1533 τραχεῖς
639 1451 691 1515 καὶ
703 1450 906 1535 τεθηγμένους
917 1449 1026 1537 λόγους
1035 1457 1149 1538 ῥίψεις·-

10 1580 11 1587 .
57 1534 115 1596 uhi
124 1535 270 1600 Scholiut
292 1529 429 1618 ἆτήρους
441 1536 493 1600 καὶ
506 1528 715 1619 ὖβριοτινοέις·
738 1537 772 1601 έν
783 1544 955 1623 μεταφορᾶς
967 1546 1023 1604 τοῦ
1036 1549 1151 1625 sthur·

58 1622 150 1701 μένου
165 1619 294 1705 σιδήρου
306 1622 361 1686 καὶ·
370 1620 584 1702 έατομομένου.
627 1619 671 1679 Et
683 1618 813 1682 Scholia
829 1620 911 1685 cod.
926 1622 1086 1710 Viteherg.
1099 1624 1150 1684 in·

57 1704 163 1767 edita:
188 1698 384 1780 ἇναιδεῐςκαὶ
396 1711 498 1789 βαρεῖς
516 1707 568 1771 καὶ
583 1699 675 1784 iesse,
696 1699 938 1786 ἧκονημένους.)
958 1708 1048 1769 Run.
1091 1707 1151 1772 vi.

58 1787 116 1868 de,
139 1791 167 1850 si
184 1811 266 1874 opus
282 1788 388 1852 adhuc
399 1788 457 1867 sit,
480 1788 599 1853 sessu.
613 1788 653 1848 ad
666 1789 813 1874 Aeschyli
825 1793 941 1856 locum.
965 1792 1085 1860 Lanu.

139 1874 218 1939 ms.
231 1879 256 1939 1.
269 1878 302 1943 5.
330 1869 513 1957 Κάρχαρον)
540 1871 616 1937 vid.
633 1894 727 1954 supra
742 1875 796 1935 De
811 1876 913 1937 Meto.
932 1875 1035 1942 Cond.
1051 1899 1080 1942 c.
1095 1876 1147 1947 35.

57 1957 150 2021 Infra
164 1960 219 2020 De
232 1960 311 2022 Salt.
325 1979 352 2019 c.
368 1966 400 2027 4.
419 1957 476 2021 Bis
491 1959 570 2022 Asc.
594 1978 622 2021 c.
637 1966 690 2027 33.
709 1958 764 2019 De
782 1958 881 2024 Luct.
903 1981 931 2023 c.
942 1965 974 2029 4.
999 1974 1150 2047 et.sacpe

54 2041 143 2106 alibi,
167 2044 296 2106 Sonus.
1098 2088 1103 2102 ι

137 2126 215 2189 Eae.
228 2131 252 2190 l·
269 2133 301 2195 9.
321 2126 411 2204 Λέξις
430 2161 474 2176 -
493 2122 652 2208 epistimi)
673 2126 773 2189 Recte
786 2125 930 2209 Micyllus
944 2130 1041 2193 vertit
1055 2131 1150 2197 dictio

56 2211 169 2288 civilis,
192 2233 250 2274 seu
266 2212 418 2294 politica,
442 2212 530 2292 quali
546 2225 683 2271 utuntur
699 2210 733 2270 in
751 2212 911 2288 comitiis,
934 2215 969 2274 in
981 2217 1150 2279 concioni.

55 2295 134 2374 hus,
157 2297 193 2356 in
209 2312 341 2370 senatu,
363 2296 398 2355 in
416 2295 547 2378 judiciis
563 2296 645 2375 viri,
668 2295 724 2376 qui
742 2295 778 2355 iu
791 2296 955 2377 republica
970 2316 1147 2368 versantur.

56 2380 168 2442 Seneca
190 2380 347 2443 Gonnos.
365 2388 396 2450 8.
415 2380 472 2441 lib.
492 2388 520 2447 1.
542 2380 624 2443 dixit
653 2405 713 2441 rem
736 2379 842 2464 paullo
860 2381 1026 2460 elatiorem,
1057 2410 1149 2471 quum

53 2489 155 2546 pressu
167 2481 194 2525 et
213 2466 309 2529 civilis
329 2469 424 2526 oratio
440 2469 551 2549 recipit.
594 2463 791 2548 Hemogenes
804 2464 919 2527 tribuit
931 2469 1150 2533 Demostheni

55 2549 204 2629 inprimis
227 2550 392 2632 politicam
415 2547 609 2627 dictionem,
630 2549 685 2614 lib.
701 2558 728 2615 1.
751 2551 827 2627 Περὶ
841 2550 931 2616 iistis
950 2553 1008 2614 lih.
1025 2561 1055 2621 1.
1071 2576 1099 2618 c.
1116 2564 1147 2623 1.

53 2629 93 2696 ‘O
113 2637 218 2698 τοίνυν
235 2636 453 2714 Δημοσθένης.
477 2630 512 2706 3.
535 2658 564 2699 τι
581 2659 638 2715 περ
658 2630 825 2712 κεφάλαιον
845 2625 906 2716 ἦν,
927 2633 981 2701 eiu
995 2638 1152 2709 πολιτικὸν

56 2712 253 2798 ἠκριβωκιές,
274 2716 308 2783 τὸ
332 2716 401 2797 μέν,
424 2712 464 2792 ὥς
487 2715 677 2781 διαστάντων
698 2714 766 2798 ἥκει
784 2728 941 2800 πανταχοῦ
959 2731 1027 2797 ταῖς
1044 2728 1149 2804 μέξεοι.

56 2800 276 2878 Demosthenes,
297 2799 331 2861 iti
343 2800 423 2884 quusi
440 2804 629 2883 praecipuum
639 2801 721 2885 fuit,
746 2820 960 2865 cumuccurate
969 2831 1062 2886 genus
1074 2832 1152 2870 osu-

58 2888 148 2945 tionis
158 2884 299 2967 politicae
311 2884 498 2960 excoluisset,
516 2888 616 2946 omniu
631 2908 745 2970 quoque
755 2911 862 2966 genera
879 2893 1056 2971 exsequitur,
1078 2893 1153 2953 ubt-

61 2994 116 3050 que
131 2993 165 3028 ea
181 2973 312 3033 miscens.
355 2971 410 3029 De
422 2970 559 3051 politico
580 2967 645 3030 hoe
661 2967 790 3031 dicentii
806 2992 920 3053 genere
935 2975 1152 3037 multis-aceu-

57 3068 126 3111 rate
143 3056 211 3136 agit
226 3054 424 3136 Hetmogenes
441 3054 474 3112 in
489 3054 574 3115 libro
589 3052 730 3115 secundo
744 3076 769 3119 α.
789 3063 839 3121 10.
856 3071 888 3116 et
904 3046 991 3140 seqq.
1034 3060 1078 3119 Ei
1092 3082 1150 3141 op·

59 3138 195 3216 ponitur
216 3135 374 3220 σοφιστικὴ
397 3136 676 3222 καὶέογογραφικὴ
696 3140 785 3216 λέξις,
807 3138 1024 3216 Scholastica,
1047 3158 1081 3206 et
1095 3142 1150 3207 de·

58 3222 242 3283 clamatoria
257 3222 376 3285 dictio:
399 3223 438 3283 ab
453 3245 489 3284 ea
503 3244 630 3308 quoque
638 3223 835 3306 Hermogenes
844 3223 996 3285 distinxit
1004 3224 1152 3310 ἀγοραῖον
1174 3256 1179 3269 ·

56 3307 110 3369 uui
125 3305 347 3390 πανηγυρικὸν,
368 3308 495 3371 forense
516 3322 549 3369 et
565 3309 809 3389 panegyricum,
835 3307 922 3391 quod
939 3324 1045 3373 tamen
1063 3335 1151 3397 quo·

57 3388 155 3450 modo
170 3400 313 3478 πολιτικῷ
324 3392 509 3466 misceatur,
532 3391 664 3475 pulchre
678 3392 781 3461 docet.
808 3393 942 3455 Gnanv.
1074 3448 1077 3453 .

141 3475 219 3539 Eud.
233 3481 255 3543 1.
273 3486 322 3546 13.
348 3474 533 3558 Φανώτατα)
560 3477 617 3539 W.
639 3491 673 3537 at
693 3477 809 3559 reliqui
828 3476 993 3559 φανότατα.
1020 3480 1150 3549 sonas.

56 3561 205 3622 Fortasse
222 3582 288 3621 non
306 3567 396 3622 male.
440 3563 524 3623 Num
539 3562 568 3627 si
585 3559 684 3643 φανὰς
708 3583 783 3624 vete
796 3583 855 3643 pro
872 3562 998 3643 φαεινὰς
1017 3563 1150 3646 dicitur,

58 3660 96 3704 ut
110 3643 205 3707 hebet
219 3645 349 3725 Suicics3
371 3645 612 3728 producendum
628 3673 697 3725 pu,
712 3660 743 3704 et
765 3661 834 3706 tum
847 3647 1048 3709 retinendum
1067 3666 1152 3715 esset

61 3754 88 3791 o.
116 3729 160 3797 At
174 3728 272 3812 φανὸς
287 3729 414 3790 videtur
426 3752 554 3813 anceps.
575 3732 665 3790 Run.
707 3729 1152 3812 Vid.SpitznerVersuchei·
1243 3772 1249 3799 t

60 3833 118 3871 uer
140 3814 260 3894 griech.
281 3814 434 3875 Prosodie
456 3838 488 3896 p.
512 3824 564 3883 81.
586 3816 681 3897 quie
702 3815 986 3876 Gnammaticosum
1008 3833 1151 3881 veterum

61 3898 239 3978 praeceptis
258 3898 353 3963 docet
373 3899 508 3980 produci
525 3926 571 3979 φα
589 3901 624 3958 in
641 3897 750 3978 φανός.
793 3900 908 3981 Itaque
924 3922 989 3961 uon
1003 3901 1151 3965 dubitavi

58 3979 252 4129 slipitionum
273 3998 415 4053 vetemus
437 3985 579 4079 omnium
600 3984 773 4051 lectionem
796 3981 961 4067 φανότατα.
971 3987 1149 4055 restituere·

102 4086 176 4133 ἀοι.
