2634 4680
267 374 269 377 .
309 333 352 403 sn·
379 330 507 417 vangir
534 327 736 378 fflsronrss
760 330 831 377 nra.
859 331 899 380 rr.
1015 312 1018 316 ’
1079 307 1161 391 689

56 479 171 562 μετείω
193 477 267 540 aliis
289 497 384 562 pagg.
401 474 609 558 Oppositum,
632 473 688 537 sed
710 480 897 560 analogam,
919 480 1085 565 enallagen
1102 503 1157 542 su.

55 587 113 647 pra
129 563 168 623 ad
181 561 293 644 Scyth.
308 575 387 627 vers.
405 561 459 619 lin.
476 557 623 623 dedimus
636 580 677 620 ex
689 561 846 644 Aristoph.
859 563 907 627 Pl.
920 563 994 631 527.
1016 559 1070 647 οὐχ
1082 567 1157 644 ἕξεις

55 648 119 713 οὔτ’
136 651 169 713 ἐν
182 652 269 728 κλίνη
281 651 504 726 καταδαρθεῖν,
530 637 568 709 οὗ
582 643 640 728 γὰρ
659 647 779 708 ἔσονται
800 647 896 720 (scil.
911 649 1037 733 κλίναι)
1074 651 1155 713 Nou
1247 648 1253 659 ’

56 732 214 794 absimilia
245 714 334 793 dedit
357 730 524 791 Hemsterlr.
551 729 590 789 ad
611 731 741 790 Lucion.
769 723 865 812 Nigr.
891 732 965 813 ipso
983 732 1032 815 'pn
1055 735 1154 800 Conf.

55 821 156 880 Zeux.
174 840 200 877 c.
216 825 245 882 7.
260 816 314 874 ubi
328 820 470 899 περίβαλε
489 850 534 861 -
553 816 604 878 καί
620 810 783 896 ἀράμενοι,
807 815 872 875 alio
885 818 1001 896 modo,
1024 821 1078 879 cui
1095 816 1156 881 ad-

55 901 130 962 dere
150 901 270 961 oblitus
292 922 364 959 sum
385 899 519 961 similem
540 900 741 960 locutionem
765 922 804 960 ex
826 899 952 981 Evang.
966 903 1045 967 Luc.
1060 906 1108 979 V,
1123 911 1157 973 4.

56 984 223 1069 ἐπαναγαγε
235 988 288 1057 ,είς
308 982 342 1048 sd
366 983 485 1068 βάθος,
515 985 568 1048 καλ
580 980 776 1065 χαλάσατε-τὰ
790 987 896 1048 δίκτυα
911 986 1015 1066 ripaeis,
1038 1002 1071 1048 et
1084 989 1157 1052 Lu-

56 1076 136 1132 cian.
160 1071 314 1131 Hermon.
335 1090 362 1130 c.
378 1081 407 1137 3.
429 1063 587 1152 ἇλλότρτον
609 1066 646 1132 τοί
658 1064 788 1144 inuicto.
830 1068 897 1128 Ubi
911 1084 943 1130 ct
960 1070 1075 1134 addere
1091 1094 1157 1156 po.
1271 1084 1278 1092 ·

56 1156 188 1214 tuissem
205 1153 352 1235 Hippocr.
371 1156 453 1217 Sect.
469 1154 514 1216 Π.
531 1151 603 1232 aph.
620 1163 650 1222 3.
665 1150 805 1229 Ὕπνος,
827 1148 997 1236 ἄγρυπνίη,
1021 1154 1156 1236 ἀμφότε-

57 1266 96 1321 ρα
117 1246 174 1302 τοῦ
197 1242 320 1320 μετρίου
340 1246 454 1319 μᾶλλον
475 1237 634 1322 γενόμενα,
660 1236 765 1303 κακόν.
810 1237 908 1300 Conf.
924 1240 1019 1299 ctiam
1035 1243 1156 1305 Reviv.

57 1345 85 1383 c.
102 1332 149 1390 13.
173 1326 227 1403 μία
236 1321 359 1386 πάντων
374 1327 554 1405 φιλοσοφία,
577 1331 637 1405 pro
652 1329 776 1397 ττασοῖν,
800 1322 858 1382 ubi
873 1323 952 1384 Jens.
970 1345 1013 1384 cx
1024 1325 1157 1393 Lucian.

56 1409 168 1469 Amor.
190 1405 329 1490 καρποῦς
348 1444 392 1456 —-
414 1406 435 1472 ii
458 1406 682 1491 συνωρόφουν,
712 1429 771 1490 pro
788 1406 842 1482 οὓς
855 1422 916 1468 etc.
960 1407 1049 1469 Alias
1065 1414 1157 1488 ejus-

58 1491 147 1551 modi
162 1496 321 1576 enallagas
336 1492 462 1575 generis
480 1493 546 1555 vid.
560 1491 645 1573 apud
654 1494 836 1574 Interprctt.
854 1491 894 1552 ad
902 1493 1157 1577 Aristoph.Plut.
1224 1539 1231 1556 .
1287 1544 1292 1564 ,

57 1585 130 1643 291.
146 1579 229 1642 τέκεα
241 1581 482 1660 ἐπαναβοῶντες,
511 1591 659 1657 respectu
677 1577 836 1654 liliorum,
859 1578 915 1661 qui
935 1591 990 1657 per
1004 1581 1090 1644 τέκεα
1105 1579 1157 1641 in.

56 1663 269 1746 telliguntur,
292 1664 347 1722 ubi
368 1663 512 1723 Kasterus
528 1664 622 1723 etiam
639 1661 729 1720 addit
743 1661 866 1722 Homer.
886 1661 948 1722 Od.
968 1669 1024 1740 M,
1040 1671 1091 1730 74.
1111 1697 1157 1718 .-

55 1751 232 1829 νεφέλη-
254 1750 395 1827 Κυανὲη,
418 1746 450 1810 cd
464 1749 518 1826 μὲν
534 1744 574 1809 οίί
594 1741 663 1808 ποτ’
685 1750 783 1830 ε’ρωεῖ,
814 1747 928 1828 ibique
948 1743 982 1812 td
1006 1763 1157 1830 respectu

56 1835 152 1912 νέφος
176 1831 260 1908 dici,
293 1832 381 1914 quod
404 1832 501 1891 tacite
520 1831 733 1914 intelligitur,
763 1832 850 1892 recte
875 1845 1002 1911 monet,
1032 1833 1157 1895 utalia
1206 1863 1208 1866 ’

57 1919 222 1992 omittam,
249 1937 331 1998 quae
353 1915 400 1974 ibi
422 1914 526 1977 videri
543 1930 690 1997 possunt.
734 1912 830 1977 Addo
847 1930 972 1976 tantum
990 1937 1031 1978 ex
1046 1917 1157 1978 fratris
1220 1936 1223 1941 ’

59 2000 95 2064 G.
114 2002 149 2061 Ο.
164 2000 276 2061 Reitzii
290 2002 381 2083 Belg.
399 2000 556 2060 Graeciss.
580 2022 610 2078 p.
629 2008 702 2068 320.
721 2001 749 2062 Ι.
769 2002 906 2061 Τανοείι.
921 2009 958 2079 2,
977 2007 1028 2070 15.
1049 1999 1169 2085 ‘'wil‘'
1257 2018 1262 2029 ·

57 2108 137 2148 σεται
153 2088 184 2149 δὲ
197 2085 248 2148 ὁιίι
261 2093 315 2166 τῆς
328 2086 536 2169 τεκνογονίας,
559 2081 613 2148 ἐὰν
625 2090 767 2165 μείνωσιν
781 2087 812 2148 ἓν
823 2090 935 2164 πίστει,
959 2085 1160 2169 quodHeir-

57 2174 119 2231 sins
141 2169 176 2228 in
193 2170 351 2231 Exercitt.
379 2168 465 2232 Sacr.
481 2191 511 2249 p.
528 2173 601 2238 485.
619 2169 658 2231 de
675 2169 867 2253 conjugibus
883 2170 1040 2251 exponit,
1062 2170 1160 2233 it'asrt

56 2260 199 2338 μείνωσιν
217 2256 375 2317 referatur
399 2253 439 2315 ad
460 2256 565 2315 virum
579 2268 612 2316 et
622 2274 755 2317 uxorem
770 2257 884 2328 simu13
914 2255 970 2315 alii
985 2253 1025 2315 ad
1040 2274 1160 2318 uxores

57 2345 142 2400 solas
160 2341 314 2402 referunt.
341 2341 456 2400 Paullo
473 2339 567 2400 aliter
579 2341 675 2401 ctiam
688 2339 788 2422 Long.
804 2340 890 2399 Past.
904 2340 944 2404 L.
960 2341 1019 2403 IV.
1034 2361 1072 2423 p..
1086 2348 1169 2408 107..

58 2426 121 2488 Ed.
144 2425 237 2488 Μοίί.
261 2429 303 2500 εἰς
323 2422 418 2499 crissie
431 2427 494 2503 ait,
524 2425 623 2487 tacite
636 2426 815 2505 respiciens
832 2423 873 2484 ad
889 2446 965 2486 oves
979 2439 1011 2487 et
1029 2447 1161 2510 capras,
1220 2504 1222 2509 ,
1241 2501 1245 2507 .

60 2532 133 2570 cum
156 2523 262 2570 tamen
285 2511 369 2592 sing.
394 2503 484 2593 ἀγέλη
507 2510 714 2589 praemiserit.
765 2509 822 2569 Sic
838 2509 924 2569 insta
944 2503 1161 2588 Tyrannicida

59 2617 87 2656 c.
104 2602 134 2660 8·
152 2589 168 2657 ὁ
184 2594 215 2658 δὲ
229 2613 335 2652 masc.¹
347 2615 419 2676 gen.
432 2597 565 2653 relatum
583 2592 622 2654 ad
644 2591 676 2656 τὸ
689 2596 797 2671 ξίφος,
822 2592 912 2676 quod
925 2592 1011 2658 vide.
1033 2597 1163 2661 Rura.

58 2679 186 2738 Locum
205 2691 412 2757 corruptum,
427 2674 461 2734 id
476 2677 564 2759 quod
577 2680 628 2738 vel
640 2677 821 2737 lectionum
836 2676 972 2738 varietas
987 2676 1162 2760 diligenter

59 2759 262 2822 considerata
285 2761 460 2820 clarissime
481 2759 590 2832 docet,
621 2759 1073 2822 hacrationecmendandum
1088 2762 1162 2827 exi.-
1217 2780 1222 2791 ‘

59 2846 198 2909 stimavi.
242 2845 348 2905 Verba
362 2845 488 2904 scilicet
506 2848 648 2929 vulgata:
670 2845 793 2910 ἐττειὸἁν
807 2842 864 2927 γὰρ
882 2848 1071 2928 ξηρανθῶσε,
1092 2872 1163 2913 τισι·

59 2928 204 3004 λάνανεες
223 2925 336 3010 αὐτὴν,
371 2950 564 3013 quacunque
588 2928 713 2991 demum
737 2929 956 3010 explicatione
976 2950 1163 3020 suqcnrras,

59 3015 206 3076 laborant
226 3022 340 3074 tamen‘
353 3028 532 3075 structurae
553 3014 689 3097 quadam
704 3013 978 3076 incommoditate
984 3062 996 3094 ,
1028 3017 1090 3076 sita
1106 3017 1164 3080 itta

60 3101 96 3159 in
114 3099 240 3159 numeri
256 3098 460 3177 diversitate,
485 3119 579 3180 quam
593 3101 690 3162 facile
706 3116 819 3161 auctor
831 3098 972 3183 effugere
985 3100 1163 3182 potuisset,
1252 3128 1257 3135 ¹

60 3185 88 3245 si
108 3188 160 3245 vel
175 3205 234 3265 pro
245 3179 344 3264 αὐτὴν
359 3185 538 3266 scripsisset
553 3179 660 3262 αὖτίς,
690 3190 742 3247 vel
756 3206 816 3266 pro
831 3187 1025 3267 ξηρονθῶσι,
1047 3188 1165 3266 ξηραν-

59 3275 113 3355 θῇ,
157 3268 262 3350 Atqui
286 3283 435 3329 neutrum
459 3268 575 3333 horum
593 3270 656 3351 ipsi
672 3270 812 3351 placuit,
834 3284 871 3328 ut
886 3291 904 3330 e
920 3269 1079 3331 variarum
1088 3275 1166 3346 lec-

60 3354 187 3414 tionum
210 3374 342 3413 recensu
365 3367 463 3434 patet.
506 3354 590 3415 Nam
604 3376 663 3436 pro
676 3360 854 3440 ξηρανθοῖσι
868 3367 931 3414 tres
944 3352 1047 3414 Codd.
1066 3352 1166 3414 exhi..

61 3437 140 3500 bant
151 3443 321 3521 ξηρανῶσι,
344 3459 403 3517 pro
421 3437 519 3520 αὐτὴν
535 3454 640 3503 autem
657 3438 722 3501 duo
739 3438 795 3523 τὴν
809 3437 1002 3503 κολόκυνθαν
1020 3443 1114 3514 (uam
1126 3439 1165 3500 in

59 3525 145 3606 Aug.
162 3537 195 3584 et
212 3522 303 3582 Gorl.
318 3522 376 3582 ubi
393 3523 440 3582 ita
455 3524 593 3607 legitur,
623 3525 766 3606 conjicio
786 3518 883 3605 αὐτὴν
902 3523 1055 3585 omissum
1074 3542 1165 3602 em,

60 3627 251 3695 quamquam
272 3605 307 3664 id
321 3627 387 3666 non
403 3606 522 3669 diserto
538 3609 638 3670 tradit
652 3609 892 3685 Schmiedm).
934 3608 1004 3673 Jam
1018 3627 1098 3669 vcro
1107 3603 1167 3690 τὴν

58 3688 258 3771 φολόκυνθυν
274 3691 481 3752 manifestum
497 3707 545 3754 cst
560 3698 715 3779 glossema
729 3695 819 3758 vocis
834 3689 940 3776 αὐτὴν,
962 3705 996 3754 et
1008 3691 1072 3753 hoc
1088 3713 1167 3775 pro-
1227 3716 1237 3724 ·

14 3856 19 3861 Ι
51 3778 182 3861 joanem
199 3773 280 3838 adeo
296 3775 520 3850 retinendum,
552 3779 634 3839 illud
651 3778 897 3861 repudiandum.
941 3774 1040 3860 Quod
1058 3791 1166 3838 autem

267 3859 394 3942 aGorl.
409 3860 515 3941 abest,
538 3864 635 3926 unice
650 3863 686 3924 id
701 3864 788 3925 casui
804 3862 960 3938 fortuito,
984 3865 1037 3922 vel
1051 3863 1164 3938 errori,

301 3942 419 4007 sudum
441 3967 520 4010 esse.
564 3947 663 4009 Nunc
685 3948 898 4034 intelligitur,
924 3945 1090 4029 optionem
1104 3965 1166 4004 no.

128 3856 373 4242 &inter
388 4035 566 4112 ξηρανθοῖσι
581 4047 614 4095 et
627 4037 788 4118 ξηρονῶσι.
830 4034 874 4093 At
888 4046 1038 4094 neutrum
1051 4027 1166 4107 admit·

360 4136 364 4166 ¹
428 4137 519 4201 supra
533 4121 672 4182 allatam.
715 4117 807 4203 Quid
821 4115 926 4265 προὶξ
943 4116 1072 4190 Vitium
1084 4116 1172 4193 urst,

935 4223 959 4264 x
