2634 4680
155 250 232 321 392
427 259 995 311 nnuorsrrouas

154 412 274 487 Verte,
294 422 333 469 ut
356 406 455 469 vertit
477 408 545 467 fere
567 404 735 470 ⁴Gesnerusr
763 406 889 482 Pueros,
911 406 987 469 mitt
1008 402 1117 491 crede,
1139 404 1262 471 enecet·

155 520 254 559 omnes
261 541 271 571 ,
295 509 390 554 tecum
405 495 613 573 sieompares3
635 493 740 571 etjam
755 492 867 552 confer
880 496 989 551 locum
999 489 1184 558 Alexandr.
1197 500 1261 563 md.

155 579 232 652 ubi,
256 591 423 661 postquam
438 577 607 655 scripserat
623 590 751 653 auctor,
773 575 991 636 Alexandrum
1004 598 1038 638 re
1050 575 1262 662 Pythagoraa

154 662 292 724 similem
314 683 381 723 esse
402 659 616 742 praedicasse,
641 658 748 723 addit:
773 656 940 725 tidinari
963 669 1074 725 τοῦτον
1088 664 1261 745 ἐγεγένητο,

155 754 229 821 παῖς
251 742 307 825 dv,
332 738 368 810 eri
385 743 472 820 eido,
495 742 541 810 ὅτι
558 741 636 822 πρὸς
652 740 746 807 odedu
762 743 838 809 siout
857 747 951 820 ἔδοξε.
996 746 1051 805 Sic
1064 746 1102 805 in
1118 760 1263 829 utroque

156 837 232 892 loco
247 831 514 912 elegantissimam
528 829 709 911 conspicies
722 829 826 889 fastus
840 828 1061 912 philosophici
1071 829 1264 917 imaginem,
1299 828 1302 837 '

156 915 342 978 lectissimis
365 913 528 976 coloribus
544 934 732 994 expressam.
755 915 874 977 Luaron.

157 1040 164 1059 .
241 999 321 1061 Eae.
336 1005 358 1060 l.
378 1007 408 1067 8.
428 997 489 1073 Ὡς
503 994 582 1078 πρὸς
594 998 648 1075 σὲ)
673 998 709 1059 Si
722 1014 815 1060 tecum
833 998 1034 1085 confirmetur.
1057 998 1183 1062 Baon.

245 1083 324 1146 ibici.
350 1080 468 1159 Αὖτὸς)
490 1082 585 1143 Nihil
606 1082 661 1142 hic
682 1083 805 1144 variare
827 1084 909 1148 Edd.
932 1098 1106 1145 notaverat
1123 1084 1267 1152 Solonas

158 1171 281 1231 F'oraan
304 1169 380 1251 quia
402 1164 514 1242 orirorig
535 1170 588 1226 vel
612 1160 716 1240 αὐτοῖς
739 1167 888 1229 invenire
909 1169 1068 1233 maluerit.
1117 1168 1268 1233 sednon

161 1274 243 1335 opus
269 1268 333 1327 est;
358 1276 430 1315 nam
450 1256 503 1312 vel
523 1248 684 1312 efficacior
706 1251 759 1310 hio
779 1253 1019 1330 nominativus,
1044 1266 1082 1312 ut
1103 1252 1270 1337 significe-

159 1352 229 1398 tur:
269 1354 385 1401 rantum
413 1361 486 1420 pror
506 1335 569 1398 illis
588 1338 686 1421 sapies
713 1338 790 1421 ipse,
821 1337 844 1397 i.
867 1359 896 1400 e.
920 1338 990 1419 ipse
1012 1335 1073 1396 tibi
1103 1338 1271 1406 videbere.

160 1425 284 1485 Ram.

245 1504 324 1570 Eud.
342 1511 362 1574 l.
380 1514 430 1573 12.
459 1500 768 1589 Τετταρακοντοῦτης)
791 1505 826 1567 Si
843 1505 932 1566 istud
950 1504 989 1566 de
1005 1518 1113 1567 aetate
1121 1508 1272 1571 Luciaai

161 1591 311 1668 dictum„
326 1615 397 1651 cum
422 1591 480 1666 iis,
506 1598 587 1670 quae
608 1590 707 1650 initio
724 1591 820 1669 hujus
841 1591 944 1652 libelli
962 1590 1001 1652 de
1014 1604 1169 1671 ternpore
1185 1592 1273 1659 dicta

161 1690 249 1751 sunt,
265 1698 328 1758 quo
339 1676 574 1741 Hermotimum
588 1675 668 1736 itare
684 1675 724 1736 ad
742 1675 954 1756 philosophos
971 1674 1108 1752 viderat,
1121 1680 1274 1741 confere.

161 1774 224 1831 tur,
240 1761 404 1823 constabit
416 1765 489 1842 jam,
512 1781 574 1841 qua
588 1774 693 1820 aetate
707 1760 875 1820 Lucienus
890 1762 924 1819 in
941 1759 1110 1821 Graeciam
1128 1763 1274 1843 primunr

160 1845 304 1922 venerit,
329 1867 414 1907 anno
431 1867 545 1925 nempe
568 1846 682 1907 aetatis
697 1844 826 1904 circiter
841 1845 1008 1927 vigesimo.
1051 1848 1097 1904 At
1112 1866 1198 1909 vero
1215 1862 1276 1931 pa·-

160 1948 233 1990 rum
247 1928 328 1993 illud
344 1930 488 2011 juvabit,
512 1929 576 1993 nisi
599 1930 633 1988 in
649 1929 713 1989 hoe
734 1929 830 1990 etiam
850 1934 1008 2009 opusculo
1023 1926 1197 1991 criterium
1213 1932 1276 1993 ali-

162 2012 250 2098 quod
267 2014 430 2096 temporis,
449 2036 516 2097 quo
529 2015 683 2095 scriptum
698 2027 755 2093 est,
778 2014 984 2089 invariatum
1009 2018 1107 2099 quala
1123 2014 1276 2079 noudum

161 2100 344 2182 perspicere
359 2105 463 2161 valeo.
496 2100 622 2164 Sonus.
1047 2110 1051 2121 ·

244 2183 325 2245 Euri.
338 2188 359 2246 l.
377 2191 426 2255 14.
453 2191 587 2257 Τοςαῦτα
600 2180 675 2269 γὰρ)
701 2189 837 2256 Togoricc
848 2187 933 2266 γοῦν,
958 2174 1080 2265 ὦἙρμ.
1104 2184 1277 2250 Manen.

245 2267 320 2350 Peg.
335 2276 384 2336 22.
399 2273 421 2331 l.
435 2274 465 2339 4·
492 2264 579 2331 Οὕτω
595 2264 714 2349 μάθῃς)
740 2265 873 2342 Μάθοις
887 2266 1012 2347 Gayetus
1026 2272 1096 2327 vult
1108 2270 1200 2354 legi,
1224 2270 1279 2335 be·

162 2373 204 2412 ue
219 2353 347 2432 quidem
357 2362 368 2425 ;'
391 2351 446 2412 sed
461 2351 545 2410 nihil
561 2372 621 2435 ego
639 2331 674 2413 iri
689 2356 819 2433 vulgata
837 2366 944 2413 mutor
968 2350 1063 2427 vide,
1088 2368 1179 2433 quae
1193 2336 1278 2439 pah.

166 2438 212 2496 cia
228 2436 296 2495 dixi
315 2458 411 2517 supra
428 2435 468 2496 ad
483 2456 551 2517 cap.
567 2444 599 2503 8.
617 2434 713 2517 hujus
731 2438 820 2496 Dial.
838 2458 868 2498 v.
886 2432 1024 2522 deviarip.
1046 2438 1180 2504 Rauen,
1247 2436 1253 2459 ‘

164 2606 192 2666 B
252 2520 326 2605 Peg.
345 2528 398 2593 23.
419 2526 442 2588 l.
465 2527 495 2593 4.
537 2528 589 2611 Τῷ
606 2518 679 2590 πότε
696 2518 883 2601 πιστεύσας)
924 2519 1048 2585 cuinam
1066 2521 1180 2587 habire
1196 2524 1279 2613 fide.

195 2624 275 2667 aon.
1052 2638 1055 2643 ·
1253 2640 1256 2645 ·

250 2688 330 2755 Eae.
344 2694 366 2752 l.
381 2693 411 2759 5.
440 2691 478 2756 Tri
492 2697 615 2774 morirer
632 2689 695 2771 cti)
716 2690 807 2755 Mihi
823 2711 890 2751 non
909 2689 946 2752 fir
961 2690 1149 2772 probabile,
1174 2694 1283 2755 caeti-

166 2788 275 2860 gatunt
292 2789 324 2834 et
341 2775 546 2863 diligentem,
568 2778 684 2860 siquis
707 2779 809 2855 alius,
841 2776 1028 2856 scriptorem
1050 2776 1100 2836 hia
1118 2780 1282 2858 poeninae

164 2859 198 2925 ri
212 2868 333 2936 πρῶτον
346 2858 398 2938 σύ,
422 2883 459 2920 ac
474 2862 580 2921 stetim
595 2865 701 2941 παρεὶς
715 2860 751 2926 cri
765 2860 817 2936 τὰς
831 2857 931 2938 dilue,
955 2860 1066 2943 itaqua
1082 2864 1282 2925 alterutrum

167 2941 204 3009 ori
219 2944 424 3007 librariorum
441 2946 631 3011 liberalitati
646 2946 755 3009 deberi
771 2946 924 3026 arbitror,
950 2944 1113 3027 posterius
1128 2966 1282 3027 praeter·

166 3030 243 3108 tim,
268 3028 355 3113 quod
369 3029 507 3110 proinde
524 3031 750 3095 omittendum.
773 3032 878 3096 Gasu.
924 3026 1124 3110 superfluum
1141 3030 1282 3113 quidem

166 3134 273 3197 perse
293 3119 479 3177 alterutrum
502 3111 539 3178 ori
564 3136 649 3195 esse,
679 3118 789 3200 negari
808 3136 874 3177 non
897 3128 1017 3197 potest.
1061 3112 1186 3176 Verum
1209 3136 1283 3177 non

103 3202 106 3208 ’
168 3203 271 3259 solum
296 3200 535 3261 excusationem
559 3199 657 3262 habet
685 3204 819 3261 alterum
839 3214 916 3279 post
934 3199 1042 3281 scepeie
1064 3197 1214 3279 positum
1237 3200 1283 3261 ob

170 3282 372 3363 aliquantum
396 3283 559 3345 intervalli
578 3285 803 3368 interjectum,
827 3283 884 3345 sed
906 3284 1019 3363 etiam,
1042 3283 1177 3345 sirecte
1199 3305 1286 3347 sen-

168 3367 236 3443 tio,
269 3366 597 3447 commendationem,
629 3367 893 3453 quandoquidem
913 3368 961 3428 aio
982 3367 1129 3449 plenior,
1160 3368 1283 3449 credo,

171 3472 207 3511 ac
223 3451 412 3521 rotundior,
436 3450 584 3513 redditur
598 3452 767 3515 verborum
782 3475 891 3515 sonus.
918 3455 1036 3516 Luna.

254 3535 332 3600 Eae.
346 3540 369 3596 1.
387 3542 417 3603 9.
446 3542 514 3600 Τῶν
530 3529 561 3600 ‹l’
578 3533 699 3620 iilius)
726 3538 880 3623 Intellige
894 3533 983 3605 ὁδῶν.
1003 3539 1114 3602 Buca.
1158 3536 1285 3603 Potina

170 3628 280 3701 θυρῶν
295 3640 334 3678 ex
350 3619 517 3683 antecedd.
541 3620 662 3688 Lauro.

257 3702 372 3768 Eodl.
390 3712 439 3773 10.
472 3702 546 3786 Λή)
576 3707 627 3769 Ita
651 3704 828 3785 edidimus,
858 3707 1081 3767 auctoritatem
1103 3704 1172 3771 Me.
1193 3706 1285 3791 Reg.

171 3796 266 3857 3011.
283 3788 403 3865 secuti,
428 3811 568 3871 quocum
580 3792 710 3854 faciunt
724 3790 808 3857 Edd.
825 3792 869 3855 H.
884 3792 922 3855 B.
936 3797 967 3858 4.
984 3805 1017 3851 et
1032 3790 1066 3854 S.
1082 3792 1182 3875 Vulg.
1196 3796 1286 3855 male

174 3875 214 3937 δέ.
238 3874 312 3935 Bru.
357 3873 525 3959 Nusquam
540 3877 572 3943 δὲ
596 3876 727 3953 inveni,
752 3877 816 3937 nisi
834 3877 868 3935 in
885 3874 974 3938 Edit.
991 3874 1089 3937 Beira.
1107 3872 1158 3957 Ari
1178 3872 1283 3955 etiam

172 3958 212 4019 B.
231 3963 259 4022 1.
282 3965 312 4025 3·
330 3958 369 4035 A.
390 3966 418 4026 1.
436 3968 466 4028 2.
485 3959 651 4027 exhibent.
696 3959 983 4047 'l'ypographicum
1001 3957 1152 4023 mendum
1168 3958 1286 4023 notaio

168 4039 259 4106 unde
275 4042 433 4127 recepisse
450 4042 580 4109 videtur
594 4045 738 4111 Brittios.
760 4046 881 4107 Lanu.
1170 4068 1174 4085 ²

1251 4194 1314 4271 1ιῖ
