2634 4680
302 295 910 345 lNllERllo'rlllUl.
1084 275 1161 353 467

57 446 95 510 τὰ
111 448 154 521 εἰς
164 442 286 529 τρυφὴν
304 445 355 507 καὶ
369 439 544 525 adimples,
566 437 663 523 κενὴ,
687 437 732 507 ὅτι
752 442 846 523 μηδὲν
862 439 948 520 ἕσαός
969 446 1029 526 ᾖεν
1044 447 1096 510 sul
1112 447 1162 530 pi·

57 538 167 615 βαιον,
189 550 272 612 quae
287 528 395 590 omnia
412 542 498 590 recte
513 527 745 608 interpretatur
761 525 1082 610 magnarensium.
1101 532 1160 611 qui

58 622 119 696 (ut
140 616 220 676 alibi
240 613 332 688 dixi)
355 626 444 674 totus
466 612 572 675 estin
595 611 923 681 Luciauo.‚Bourru.
955 676 958 681 ,
976 600 1051 680 vili.
1076 615 1161 679 Gall.

60 724 89 769 c,
107 707 139 770 5.
159 715 241 762 extr.
273 699 392 759 Lanu.

142 785 218 868 Pag.
237 791 309 852 101.
322 788 388 852 hs.
407 776 470 858 Ὣς
489 776 552 849 lul
568 788 625 850 τοῦ
642 781 813 867 ἐρομένου)
844 783 886 845 Ut
900 782 941 845 od
956 806 1007 863 eo,
1035 787 1090 870 qui
1103 785 1162 849 loc

55 886 257 1017 perefflua
273 870 566 1033 liissdomrlppssl
587 950 685 1015 Confi
703 910 789 1050 iniri
802 952 860 1015 Bis
874 952 989 1017 Δοουο.
1004 974 1032 1013 c.
1047 960 1079 1021 1.
1094 954 1163 1017 Na·

56 1063 124 1126 '¹³'
139 1039 1163 1272 “inlElltltlllttlull:‘llrllssi‘l‘1al0⁵.ttttz

58 1224 142 1272 rent.
202 1231 281 1274 ron.
1060 1264 1065 1273 .
1167 1219 1175 1230 ⁵

143 1294 221 1354 Eud.
237 1300 260 1359 l.
279 1301 330 1360 12.
346 1287 615 1377 Ἱπποκενταύρων
626 1293 681 1356 stul
692 1292 861 1376 χιμααροῖν)
886 1291 922 1353 V
917 1291 997 1374 ugrl
1006 1290 1063 1355 v1.
1080 1290 1162 1355 Asu.

58 1379 141 1439 facit
157 1379 336 1442 Centauros
362 1379 543 1458 etScyllss
562 1379 599 1439 iu
622 1377 787 1439 infernum
802 1376 974 1438 -vestihulo
992 1376 1164 1456 stabulare,

59 1487 132 1524 cum
148 1465 293 1527 somniis.
338 1461 519 1525 Centauros
533 1477 567 1526 et
587 1461 789 1525 Chimaeram
812 1460 916 1523 fuisse
931 1476 1029 1544 negat
1041 1460 1163 1523 Iactet.

59 1553 99 1611 L.
116 1549 174 1609 IV.
191 1564 225 1611 et
238 1551 278 1612 V.
307 1548 418 1611 coca.
463 1548 503 1608 In
519 1547 628 1610 auimo
640 1545 754 1606 habuit
775 1561 888 1607 auctor
900 1549 1010 1609 locoru
1025 1545 1165 1609 Plutonis

59 1634 94 1693 in
112 1632 247 1697 Phaedr.
264 1655 296 1717 p.
315 1642 405 1701 1211.
422 1634 457 1697 B.
466 1675 478 1704 ,
499 1647 538 1693 ut
560 1631 745 1693 observavit
758 1631 998 1693 Hamterdusius
1019 1630 1063 1694 sd
1080 1631 1165 1693 Pro⁴

58 1718 158 1781 math.
174 1720 208 1778 iu
224 1718 341 1784 Verbb.
357 1740 385 1780 c.
403 1724 433 1786 6.
448 1721 541 1779 Tom.
559 1716 588 1777 Ι.
605 1738 637 1797 p.
652 1720 727 1782 225.
749 1716 871 1778 Luam.

144 1804 222 1885 Peg.
240 1811 312 1870 102.
327 1807 350 1867 l.
364 1810 396 1869 4.
423 1800 475 1866 Ἢ
487 1803 545 1881 αὴν
560 1795 718 1882 Ου’ρανίαν
740 1797 841 1875 risos)
862 1794 917 1867 Ἢ
930 1796 987 1881 τὴν
1009 1791 1166 1879 Οὗοανίαν

59 1888 182 1968 ἐκείνην
196 1903 257 1951 etc.
271 1908 386 1967 nempe
397 1883 590 1968 Ἀφροδίτην.
613 1886 774 1951 Mauors.
816 1886 872 1948 De
885 1898 991 1946 status
1004 1883 1164 1969 iutelligs,

60 1994 143 2054 quae
159 1971 296 2033 Athenis
311 1970 568 2033 celebratissima.
606 1968 681 2032 Vid.
694 1969 810 2033 Mem.
824 1970 897 2031 AG.
914 1969 983 2045 Iv,.
994 1976 1069 2036 880·
1111 1968 1166 2032 Si·

59 2060 237 2117 mulacrum
252 2071 320 2118 erst
334 2077 558 2134 marmoreum,
580 2052 719 2117 Phidias
735 2075 830 2134 opus.
860 2055 943 2114 Erat
951 2068 987 2115 ct
1003 2051 1093 2113 aliud
1108 2052 1167 2113 Al-

62 2140 219 2217 camenis,
245 2139 287 2201 ih.
303 2145 378 2210 855.
406 2143 468 2203 Pro
481 2139 560 2206 alvos
570 2142 613 2202 L.
631 2138 730 2201 hahet
746 2137 843 2217 ciuus.
871 2136 1033 2200 Neutrum
1050 2140 1165 2219 plscst.

61 2224 168 2286 Credo
189 2226 346 2308 scriptum
364 2225 465 2288 fuisse
485 2229 547 2290 aul.
576 2224 707 2289 sorra.
758 2223 871 2304 Magis
894 2223 1054 2305 placuerit
1075 2213 1164 2287 οὖσα.

59 2309 179 2370 Nihilo
203 2324 309 2375 tamen
338 2312 461 2373 nutavi
484 2312 641 2373 laxiorem
662 2322 874 2385 structuram,
904 2308 940 2368 in
964 2328 1028 2389 qua
1051 2311 1166 2369 saltem

61 2392 196 2476 aliquod
217 2410 266 2456 est
288 2397 473 2474 vinculum,
495 2394 587 2480 quod
607 2392 813 2455 Infinitivum
834 2391 912 2458 alvus
932 2386 1167 2466 seminalem

61 2493 182 2541 nectat.
232 2479 403 2564 Indulgere
427 2496 532 2544 autem
555 2480 620 2542 sibi
644 2478 797 2539 nonnihil
816 2478 988 2541 Lucium
1005 2492 1165 2553 nostrum,

64 2563 253 2709 ωοιίὲιαοᾶἰῗ
267 2564 422 2716 ἆῖἒίοὲἰία,
445 2570 570 2715 ”unuin
584 2562 1136 2722 egurgamiiliis'rliuffugitifiLuurr.
1155 2646 1170 2713 ι

217 2691 263 2712 .·
324 2693 333 2710 .
411 2648 448 2713 ἀλ
504 2647 603 2713 ’στα
684 2670 750 2709 νο.
896 2648 954 2709 isc.
1023 2647 1155 2712 .sit:r

63 2729 179 2811 α’ἱλθης.
202 2732 335 2793 emenda
353 2738 379 2797 sl
398 2661 601 2814 ἇληηθῗςςὶοτα.
643 2730 810 2813 Sedquod
826 2729 856 2791 is
872 2729 1037 2811 suisudat,
1060 2729 1095 2792 id
1108 2751 1169 2793 uo·

65 2832 148 2876 strae
165 2815 249 2875 Edd.
266 2821 328 2897 jam
345 2832 430 2880 recte
445 2817 616 2879 habehant.
648 2816 773 2880 Rurrz.

150 2898 224 2982 Pag.
243 2904 398 2970 103.1.2.
424 2899 617 2983 Καθάπερ
638 2898 681 2964 τὰ
701 2898 875 2983 πρόβατα
895 2895 994 2980 πρὸς
1014 2895 1083 2964 τᾶν
1103 2893 1170 2963 usi·

64 2992 137 3049 τῶν
157 2982 401 3068 ἡγούμενον]
424 2987 523 3048 Inhis
540 2981 712 3050 etsiodrois
725 2984 919 3049 nonhahest
932 2984 1087 3067 pcrss‚iu
1102 3003 1168 3068 quo

66 3069 210 3130 oll'endas
220 3117 230 3145 ,
255 3087 437 3155 suspectum
457 3086 563 3135 tsmeu
583 3091 779 3154 magnopere
791 3084 842 3133 est
855 3092 912 3146 so,
935 3068 1022 3154 quod
1039 3091 1106 3130 uon
1117 3088 1171 3129 so-

65 3160 130 3214 lum
148 3155 265 3233 inF1.‚
288 3156 343 3216 sed
363 3160 460 3217 etiam
475 3158 509 3217 iu
530 3154 1021 3224 Godd.2954.st3011.·dee⁸t·
1067 3154 1171 3216 Rem

67 3241 177 3300 abesse
189 3239 315 3322 judicat
325 3240 460 3304 Belinus.
505 3240 710 3306 Schmiederus
723 3241 849 3301 cautius
863 3238 1000 3304 retinuit
1012 3238 1107 3299 uncis
1117 3236 1170 3297 iu·

68 3329 207 3387 clusum:
231 3339 264 3387 et
280 3324 368 3387 hunc
391 3350 450 3389 nos
469 3326 669 3406 sequendum
693 3324 855 3386 duximus.
899 3321 962 3387 Sed
986 3323 1170 3403 mergam

69 3410 104 3467 iu
118 3410 216 3474 Clara.
235 3411 350 3474 Jouru.
365 3413 440 3474 Vol.
456 3411 667 3493 xn1.-p.7e.
684 3432 830 3494 maguam
849 3408 901 3469 his
918 3407 1024 3471 verbis
1032 3408 1105 3471 ,vim
1119 3406 1172 3473 ir,

68 3494 147 3553 lerri
169 3499 257 3570 vult,
281 3516 379 3577 quum
402 3498 449 3556 sic
469 3519 506 3559 ea
528 3496 595 3579 legi
612 3496 720 3578 jubete
742 3493 885 3577 καθάπερ
903 3489 1172 3576 αοὶκοόβααιτοῖς

70 3581 83 3651 (
90 3582 200 3658 ἴχνεσι)
216 3586 274 3644 τοῦ
288 3577 389 3646 αὐτῶν
403 3578 585 3666 ἡγουμένω.
631 3580 723 3663 Quae
738 3596 931 3661 quamquam
946 3586 1017 3640 u'ou'
1028 3572 1172 3637 diffiteor

68 3663 239 3724 Lucianum
255 3665 396 3727 scribere
411 3668 570 3746 potuisse,
593 3665 760 3745 scripsisse
774 3678 879 3725 tamen
892 3684 961 3723 uon
977 3660 1082 3725 credo.
1104 3658 1173 3721 Oi·-

71 3745 178 3808 tendit
193 3748 350 3830 Stagemm
365 3749 452 3810 haud
470 3749 568 3810 dubie
582 3749 735 3830 phraseos
750 3745 934 3812 ἀκολουθεῖν
946 3742 1026 3830 πρός
1037 3770 1107 3810 τινα
1120 3743 1189 3806 im·

72 3830 219 3890 solentis.
265 3834 369 3917 Quam
388 3835 415 3894 si
438 3835 638 3908 ferrenolis,'
662 3833 746 3893 hauc
769 3830 955 3893 commendo
971 3828 1057 3894 haud
1072 3830 1173 3915 iguo-

73 3928 151 3992 tam,
175 3934 235 3975 nec
259 3923 444 3994 molestam,
466 3918 568 3994 viam,
592 3932 663 3980 ute
686 3917 782 3977 verbo
803 3912 990 3982 ἀκολουθεῖν
1003 3915 1172 3997 uotiousm

72 4004 128 4059 τοῦ
148 4000 226 4062 ἰέναι
239 3999 396 4074 deducas,
419 4010 532 4087 etjam
556 4005 726 4063 formulam
746 4001 905 4084 loqusurli
930 4014 1054 4062 statuas
1076 3999 1172 4072 hauc,

72 4085 151 4149 ἱέναι
164 4080 243 4168 πρὸς
255 4084 307 4151 siv
316 4084 498 4173 ἡγούμενον.
523 4083 724 4173 Πρὸςααῐοαι
737 4109 809 4149 curu
816 4085 1013 4167 Accusativo
1028 4089 1173 4168 junctum
