2634 4680
315 280 921 334 1rtrrnunorrnun.
1097 264 1173 337 405

156 427 268 492 Eud-l.
284 433 334 494 17.
360 429 417 493 Σοὶ
433 429 488 510 μὲν
505 430 573 505 tel)
595 428 711 491 Mend.
733 431 865 492 Bounn.
908 430 1068 492 Mendosa
1092 430 1172 493 haee

75 534 156 587 esse,
181 510 321 571 dubitari
340 532 407 572 non
419 514 545 592 ‘potest
587 513 660 596 Qua
678 512 804 575 ratione
817 530 894 575 vero
912 514 1170 594 restituerentur,

71 595 215 656 nondum
234 596 374 680 contigit
394 596 474 657 mihi
497 613 663 678 exputare.
708 598 746 657 ln
764 619 826 657 una
840 598 877 662 B.
894 606 923 664 1.
937 598 1171 682 interrogative

66 679 151 754 ‘haec
168 681 324 741 sententia
342 679 427 741 edita
442 696 505 754 est,
529 692 593 744 ete
612 683 702 745 Vino.
718 681 869 763 Opeopoeo
884 681 971 741 hune
988 682 1022 741 in
1040 682 1169 744 moduni

72 786 240 825 conversa:
263 765 369 826 Nonne
382 765 463 826 vides
476 769 567 847 igitur
580 771 750 827 immensam
765 765 980 827 multitudinem
997 772 1170 849 promitten-

70 853 143 909 tium
165 864 192 908 et
213 850 428 937 offinnuntium
448 856 558 911 seviue
575 854 686 933 peritos
701 850 785 914 este?
827 849 919 932 Quae
931 851 1045 925 snitum,
1059 871 1168 933 quatr-
1248 902 1252 918 ,

69 948 136 991 tum
162 953 179 991 a
203 946 294 993 textu
314 933 385 1013 ipso
413 933 575 999 recedunt.
619 935 766 996 Ceterum
789 936 837 999 ool
857 933 892 992 in
915 933 1065 995 omnibus
1088 948 1169 1000 vett.
1249 942 1255 966 '

68 1016 151 1076 Edd.
166 1017 303 1099 legitur,
328 1037 394 1075 non
410 1037 475 1096 σοι,
501 1031 536 1079 ut
550 1019 584 1080 in
601 1018 697 1081 Reitz.
716 1033 747 1080 et
762 1032 896 1080 retentt.
927 1017 1023 1100 Quod
1040 1039 1166 1092 moneo,

68 1116 104 1160 ut
120 1098 302 1160 similitudo
320 1106 444 1179 pateat,
468 1122 550 1184 quae
570 1103 655 1163 inter
673 1100 758 1163 hano
778 1101 948 1170 lectionem
968 1116 1000 1164 et
1015 1100 1095 1164 illud
1112 1100 1173 1170 οόν
1206 1096 1209 1103 ’
1295 1156 1300 1167 .

68 1186 101 1244 in
119 1186 154 1245 P.
172 1183 354 1246 intercedit.
399 1186 494 1249 Unde
516 1191 578 1269 jam
603 1187 746 1269 Sergerus
770 1184 805 1245 in
829 1186 931 1249 Cless.
958 1184 1072 1251 Journ.
1091 1186 1167 1252 vol.

65 1269 161 1330 XIII.
179 1289 211 1348 p.
227 1272 280 1333 72.
303 1288 368 1327 non
389 1274 468 1332 male
490 1270 630 1353 conjecit
651 1272 715 1356 legi
740 1291 850 1353 posse:
874 1268 971 1338 ὅσον
994 1269 1048 1352 μὲν
1066 1272 1115 1336 ἐπὶ
1131 1271 1166 1338 τὸ

62 1349 117 1416 rim
160 1351 243 1412 Nam
263 1353 303 1416 les
320 1352 450 1432 quidem
468 1355 501 1415 in
517 1357 551 1416 P.
567 1376 626 1438 pro
640 1358 687 1421 lul
708 1353 889 1416 exhibitum
911 1376 976 1416 non
994 1353 1165 1417 admodum

64 1437 193 1499 videtur
215 1435 461 1518 respiciendum.
507 1439 562 1500 sic
585 1441 686 1501 facies
710 1440 776 1500 loci
796 1437 881 1502 baud
906 1438 1037 1521 quidem
1053 1438 1166 1583 inepte

62 1520 218 1594 evaseritr
255 1521 429 1605 genuinam
460 1544 538 1587 veto
575 1545 660 1602 esse,
694 1523 844 1608 equidem
879 1542 946 1585 non
984 1537 1111 1609 praesta
1134 1545 1167 1588 o·

58 1608 177 1667 Larini.

146 1688 219 1774 Peg·
234 1698 286 1760 87.
301 1695 324 1752 l.
338 1698 369 1761 5.
389 1686 457 1757 'Eut
472 1685 527 1767 τὰς
540 1687 690 1774 ir'pnrouc)
710 1691 762 1753 Ne
777 1688 850 1773 quis
862 1689 971 1752 eredat
990 1692 1104 1752 melius
1118 1695 1163 1770 le.

64 1776 95 1860 gi
117 1774 166 1840 leti
185 1784 237 1857 τῆς
260 1773 392 1855 ἄρκτου,
416 1776 491 1860 quia
514 1797 577 1846 una
597 1790 720 1836 tautum
746 1776 976 1857 septentrionis
994 1790 1040 1836 est
1054 1779 1164 1861 plaga,

60 1859 257 1936 meminerit,
282 1860 422 1922 Graecos
446 1860 650 1942 potissimum
676 1859 730 1920 hic
747 1860 865 1943 plurali
888 1881 974 1920 num.
990 1861 1060 1929 uti.
1085 1861 1163 1942 quie

61 1943 144 2003 duae
160 1959 237 2003 sunt
258 1944 378 2028 ἄρκτοι,
401 1965 474 2003 ursa
496 1947 614 2024 major,
638 1958 671 2005 et
684 1943 977 2026 minor,‚quarnvis
993 1957 1025 2002 et
1044 1942 1164 2027 singu-
1207 2021 1210 2025 Ι

59 2027 119 2088 lari
136 2027 245 2088 Strabo
267 2030 509 2111 inoperimus,
531 2048 590 2136 pro
614 2028 853 2109 septentrione,
877 2041 914 2087 ut
934 2027 974 2087 L.
994 2027 1021 2091 Ι.
1037 2048 1069 2110 p.
1090 2034 1161 2096 109,

59 2115 121 2192 (³l·
138 2112 211 2195 65.)
228 2114 258 2191 ἕξ
271 2107 391 2199 ἡμερῶν
407 2110 507 2177 πλοῦν
521 2114 644 2199 αττέχειν
655 2109 733 2196 προς
747 2111 877 2192 ἄρκτον,
896 2126 933 2172 et
948 2108 1038 2174 alibi.
1083 2113 1160 2173 Plu·

57 2195 118 2254 ruli
134 2211 237 2258 autem
252 2199 377 2285 Dionys.
387 2194 450 2258 'AL
468 2196 580 2280 Perieg.
599 2196 638 2260 de
656 2198 722 2260 ritu
739 2196 836 2258 Orbis
852 2218 882 2257 v.
901 2203 970 2264 130.
991 2193 1108 2279 &polleo
1128 2190 1159 2269 δ’
1279 2255 1283 2267 .

54 2281 90 2344 ἐκ
111 2284 214 2346 κείνου
233 2283 434 2366 τετραμμένος
455 2272 549 2357 αὖθις
570 2276 621 2349 ἐπ’
641 2279 781 2365 ἄρκτους.
827 2282 872 2342 Et
884 2283 938 2341 ,sio
954 2281 1011 2340 alii
1026 2282 1157 2368 passim,

55 2363 142 2449 quod
158 2365 191 2424 in
210 2371 325 2450 vulgus
342 2367 617 2451 notumeluribus
632 2388 697 2428 non
715 2365 826 2448 probo.
853 2366 978 2427 Remu.
1143 2376 1148 2385 ’

139 2449 218 2513 Eud.
234 2455 255 2511 l.
273 2460 302 2518 7.
328 2452 490 2538 Εὔανδρος)
514 2454 547 2518 Ρ.
564 2453 605 2512 L.
621 2450 670 2513 etl.
691 2451 722 2516 J.
745 2465 777 2514 et
790 2450 829 2516 Β.
845 2460 875 2518 2·
899 2452 1039 2534 ἔνυδρος,
1062 2448 1158 2513 etsie

56 2534 133 2594 olim
157 2536 263 2595 fuerat
286 2537 319 2595 in
342 2539 393 2603 M.
438 2534 499 2597 Sed
522 2540 651 2619 vulgate
677 2541 802 2616 placet(
834 2534 911 2596 Vid.
930 2537 1004 2598 Ver.
1021 2530 1155 2597 Hists'l·
1224 2542 1241 2563 ⁸·

56 2640 126 2699 cap,
141 2626 190 2685 28.
207 2618 303 2680 Rher.
319 2622 426 2683 Prien
444 2642 469 2685 c.
486 2628 517 2687 7.
535 2635 566 2682 et
583 2620 697 2682 Herod.
712 2620 777 2698 1V‚·
790 2614 860 2690 105.
888 2621 1032 2703 Ποταμοῖ
1048 2620 1156 2685 tanen

53 2705 148 2763 etiam
164 2705 290 2784 ἔνυὸμος
304 2704 336 2762 in
354 2704 471 2787 Navig.
492 2725 561 2783 eap-
580 2712 630 2770 20.
672 2702 800 2785 Sonen'.
915 2702 918 2709 ’

138 2785 215 2846 Eud.
238 2792 260 2848 1.
280 2796 329 2854 11.
354 2784 609 2869 'Evuvrtoiputul'
624 2787 741 2849 Variae
775 2787 847 2850 viae
871 2785 910 2847 ad
940 2784 1155 2850 beatissima&

52 2872 139 2930 illam
155 2870 316 2933 civitatem
333 2871 504 2947 ducentes,
528 2871 680 2932 dicuntur
698 2874 728 2947 ἐς
743 2871 780 2936 τὰ
795 2866 999 2955 ἐναντιώματα
1010 2878 1155 2938 τελευταῖ’
1203 2918 1205 2923 ,

52 2979 113 3019 σαι.
160 2955 367 3037 sicquidem
389 2977 518 3035 omnes,
541 2977 618 3043 quas
639 2955 726 3037 vidi,
751 2956 922 3019 editiones.
966 2957 1056 3041 Lege
1076 2969 1155 3017 tsn-

53 3040 123 3101 dem
141 3039 318 3121 aliquando
332 3039 538 3108 ἐναντιώτατα.
561 3040 655 3107 lna.
701 3032 839 3115 Nescio,
864 3062 960 3127 quare
973 3040 1023 3105 vir
1037 3036 1152 3105 doclus

52 3123 107 3182 hic
124 3146 181 3205 pro
197 3122 399 3207 ἐναντιώματα
412 3127 558 3189 emendet
571 3123 785 3205 ἐναντιώτατα,
808 3146 879 3187 curn
897 3146 961 3189 vox
977 3124 1021 3185 sit
1035 3122 1149 3207 probes

50 3207 201 3291 idemque
221 3215 341 3287 valeat,
364 3210 453 3295 quod
474 3215 604 3279 ἐναντία.
647 3211 764 3275 Pollux
785 3211 902 3277 Ouum.
925 3212 964 3277 L.
987 3210 1026 3277 V.
1050 3215 1150 3276 u29.
1263 3287 1266 3290 ⁴

49 3296 172 3358 ἐναντία
188 3308 221 3355 et
242 3295 444 3378 ἐναντιώματα
462 3312 499 3358 ut
511 3319 692 3378 synonyma
709 3296 815 3380 ponit.
838 3299 879 3358 1„
895 3297 975 3363 Bos.
1018 3293 1151 3361 Scilicet

50 3379 168 3440 Pollux
183 3383 203 3438 1.
218 3383 240 3441 l.
258 3382 445 3444 interranis
468 3381 645 3461 voeabula,
667 3403 746 3466 quse
764 3381 970 3486 impedimento
984 3376 1151 3460 (eulaliae-

49 3464 105 3546 τα)
127 3463 330 3546 significent,
359 3466 458 3528 refert
474 3469 704 3549 lpseodlnumu,
736 3468 880 3549 ζατοὸια,
910 3467 1090 3538 ἐναντία,
1113 3465 1150 3531 l·

50 3546 315 3628 ναντιαὶματα,
337 3549 487 3634 ἐμποδῶν,
511 3546 685 3636 perimere,
702 3553 841 3634 lowen,
855 3547 1014 3630 πρόβολον.
1035 3544 1150 3631 Quod·

51 3632 79 3691 si
95 3655 170 3715 ergo
187 3636 307 3699 ἐναντία
321 3651 353 3699 et
372 3635 573 3717 ἐναντιώματα
588 3656 769 3717 synonyme
781 3650 861 3705 suut
876 3631 1043 3710 habendam
1067 3653 1148 3695 non·
1188 3656 1191 3661 ·

50 3716 116 3775 nisi
137 3732 269 3779 eatenus
291 3735 384 3796 sunt,
416 3740 478 3802 qua
501 3722 566 3781 vim
588 3719 767 3820 impediendi
786 3736 925 3800 utraque
947 3739 1012 3779 vox
1031 3716 1149 3785 habere

51 3814 167 3879 potest.
206 3804 298 3887 Quae
313 3805 361 3865 vis
377 3827 443 3866 non
458 3805 559 3889 magis
574 3804 652 3867 huso
665 3809 741 3867 loco
758 3803 929 3880 convenit,
954 3822 1049 3885 quarn
1064 3820 1148 3882 qus·

52 3882 135 3943 alibi<
149 3884 188 3945 ab
206 3886 317 3951 eodem
332 3888 455 3953 Polluce
467 3891 531 3967 VI,
551 3897 624 3960 180.
638 3889 742 3950 eidem
761 3888 833 3953 νοοῖ
848 3890 1017 3971 ἐναντίωμα
1031 3883 1148 3953 tribui·
1187 3885 1191 3899 '

53 3982 123 4044 tur,
156 3986 298 4049 ponente
311 3994 380 4037 sem
406 3973 442 4037 in
460 3979 607 4060 catalogo
631 3973 880 4052 vocabulorum,
902 3992 985 4055 ques
1000 3966 1158 4053 disrupi.

53 4077 112 4116 των
127 4046 261 4136 ὀνόματα
274 4070 381 4123 voest,
427 4057 517 4144 Quid
532 4057 658 4121 multa?
682 4079 777 4122 uerno
789 4079 878 4121 nuno
888 4058 998 4138 ieeils,
1020 4057 1078 4141 qui
1092 4066 1151 4147 vo-
