2634 4680
354 252 356 257 ⁴
532 240 538 275 l

299 315 365 364 su
415 310 906 404 nlntsuo'rtnutt.
1077 306 1156 381 379

61 455 228 543 ὃοιπὸρουν
240 453 314 543 ἡμῖν
334 458 549 540 παραθέοντες.
592 456 716 521 Eodem
730 474 835 525 tsmsn
858 463 1030 544 spurcities
1054 466 1155 530 simili

62 545 97 604 in
119 566 198 608 voce
222 546 361 606 occurrit
380 545 413 604 iu
434 541 628 626 Lexipbsue
651 565 678 606 c.
693 553 746 611 22.
767 566 813 627 pr.
829 552 1071 630 προοδοποίηται
1092 575 1153 632 pro

61 633 315 712 προωδοποίηται.
337 627 420 693 Ibid.
437 635 467 704 3.
484 634 535 694 24.
553 627 623 708 pari
640 627 711 689 lube
724 634 901 691 moculatus
922 648 970 693 est
984 632 1039 694 ille
1056 635 1156 697 libel·-

61 718 112 774 lus
135 714 173 773 ab
194 712 397 798 sequioribus
419 709 617 787 editoribus,
659 713 718 795 qui
737 734 797 795 pro
818 721 1158 800 προπαρεσκευασμένος
1256 734 1259 739 “

62 797 219 858 dederunt
231 797 586 881 προπαροσκενασμὲνορ.
607 796 700 860 Ιεαε.
723 840 726 844 ⁸
743 799 817 859 Bes.
831 808 860 868 3.
879 821 952 862 vere
964 801 1097 864 exhibet
1111 809 1156 867 le·

62 882 205 965 gitimsm
236 884 369 943 formam
396 877 619 961 ὡδοιπόρηται,
655 894 689 942 et
713 882 828 964 probet
850 883 930 945 eden
952 887 1030 945 sotis
1053 893 1154 964 clare,

61 988 154 1048 qusm
173 964 259 1026 hund
278 987 394 1049 parvae
412 966 454 1025 iis
473 961 650 1026 debeantur
671 967 810 1049 gratiss,
840 967 914 1052 qui,
938 969 1023 1028 sicut
1039 971 1157 1034 tensius·

63 1066 188 1127 noster,
212 1049 332 1111 talibus
349 1050 464 1125 etism,
489 1068 572 1130 quse
595 1051 760 1110 nonnullis
774 1051 898 1113 altioris
915 1053 1038 1114 scilicet
1052 1056 1157 1138 spiri-

60 1149 113 1193 tus
127 1133 313 1194 hominibus
326 1132 488 1209 videntur,
509 1132 658 1193 minutiis
671 1136 811 1195 animum
828 1136 912 1215 inter
924 1137 1094 1218 legendum
1109 1153 1157 1200 st·

61 1217 230 1279 tendentes
244 1217 355 1300 probis
370 1214 581 1299 scriptoribus
596 1219 758 1280 veteribus
773 1220 941 1303 pristinem
955 1243 1043 1281 susm
1059 1223 1156 1303 puri-

61 1314 158 1362 tstem
172 1317 204 1364 et
221 1302 376 1385 integrum
389 1314 588 1363 venuststem
603 1302 773 1364 restituere
787 1303 929 1367 student.
973 1307 1027 1366 Do
1040 1306 1153 1369 Saltst.

61 1407 88 1448 c.
104 1395 134 1451 2.
150 1386 184 1444 iu
202 1383 351 1469 ipsiqsoio
364 1386 538 1447 etiamnum
558 1384 677 1445 insidet
693 1389 840 1448 omnibus
855 1388 939 1450 Edd.
955 1404 987 1450 et
1001 1390 1030 1449 J.
1049 1390 1158 1473 Serge·

60 1496 111 1532 rus
133 1471 228 1533 etism
255 1475 301 1532 sic
315 1470 433 1554 repetit
454 1467 605 1531 mendum
618 1469 653 1530 in
666 1471 767 1534 Closs.
781 1473 896 1536 Jouru.
910 1475 983 1539 vot.
996 1475 1068 1536 XV.
1083 1497 1157 1561 psg.

59 1559 130 1625 155.
153 1555 271 1622 Lurius.
953 1562 955 1569 ’
1205 1568 1208 1574 ’

143 1640 219 1723 Peg.
238 1649 269 1709 7.
286 1645 305 1707 l.
321 1647 352 1711 4·
379 1634 490 1722 ’Λρχνὶν
516 1673 557 1689 ·-
583 1633 754 1726 Ἡσίοδος)
786 1639 993 1705 Hertoteum'
1012 1666 1069 1706 cur
1088 1657 1157 1706 non

61 1724 226 1800 videatur,
253 1727 324 1787 dixi
341 1725 380 1786 sd
397 1728 507 1786 Somu.
524 1745 551 1783 c.
566 1731 596 1791 3.
619 1725 747 1787 Sosin.
791 1729 898 1788 Etiam
919 1731 953 1788 in
972 1751 1069 1813 marg.
1091 1728 1154 1792 Ed.

62 1811 144 1871 June.
167 1825 335 1889 notaverst
349 1809 499 1886 Solonas,
520 1808 632 1868 fulsum
656 1809 740 1870 benc
760 1833 828 1872 esse
850 1813 1050 1876 citationem.
1094 1812 1158 1876 Sed

63 1909 96 1956 et
119 1894 263 1957 Seidelins
283 1895 319 1973 iu
341 1896 473 1955 Postula
489 1892 532 1955 L.
550 1893 606 1957 Gr.
622 1906 719 1954 sures
732 1915 763 1976 p.
779 1904 809 1964 8.
826 1895 961 1957 Hesiodo
984 1896 1156 1977 adscribit,

64 1999 132 2037 non
150 1978 294 2039 indicato
309 1993 414 2038 tomen
430 1981 513 2040 loco.
557 1976 697 2039 Erasmus
710 1979 744 2039 in
760 1980 851 2062 adsg.
871 1985 1048 2063 principium
1063 1982 1161 2042 ‹limi-¹

64 2063 145 2122 dium
158 2068 262 2141 totius,
284 2064 454 2124 Lucionum
470 2060 504 2120 in
521 2062 667 2126 Hermot.
685 2061 720 2123 id
736 2063 975 2139 hemistichium
993 2087 1033 2126 ox
1048 2066 1158 2129 Hesio·

64 2147 103 2205 do
118 2147 241 2210 adferre
260 2149 323 2226 sit3
343 2145 398 2208 sed
414 2161 446 2207 et
459 2144 618 2207 Aristoteli
630 2162 663 2209 et
674 2148 797 2210 Plutoni
816 2166 1002 2228 usurpetum
1023 2150 1156 2210 indicat.

63 2230 125 2292 Sed
148 2232 256 2291 forsan
279 2233 449 2293 Lucionum
470 2230 624 2291 fefellerit
642 2232 706 2293 hoc
720 2232 850 2294 Hesiodi
861 2227 941 2318 Ἐργ.
958 2242 1009 2301 40.
1029 2269 1073 2282 -
1093 2230 1158 2316 ὅσῳ

61 2317 153 2380 πλέον
166 2314 258 2398 ἥμισυ
270 2315 393 2390 παντός.
437 2313 510 2377 Sed.
528 2337 557 2376 v.
576 2329 659 2378 nott.
677 2315 715 2378 ad
731 2319 838 2382 Sosuu.
855 2324 886 2396 0.
901 2327 933 2388 3.
955 2321 1080 2379 Rnruz.

145 2417 257 2484 Eudl.
272 2426 302 2487 7.
335 2413 525 2490 Πανῦπολν)
561 2418 672 2481 Placet
699 2414 853 2503 πάμπολυ.
885 2412 996 2484 Biton.
1040 2419 1105 2482 Sed
1123 2406 1180 2486 st*

61 2502 125 2564 hoc
139 2507 201 2584 jam
214 2502 334 2564 habent
348 2500 430 2566 Edd.
455 2503 578 2562 Iinrrz.

148 2586 265 2649 Eiet.
283 2594 333 2655 14.
358 2581 500 2667 Ὀμήρου
526 2583 620 2663 Ζεὺς)
649 2585 744 2652 Iliad.
762 2594 800 2654 Δ.
822 2589 931 2654 Bnon.
972 2590 1012 2653 Il.
1037 2580 1159 2671 Θ,“18.’

63 2673 162 2734 Conf.
180 2692 273 2751 suprs
289 2670 664 2774 Deor.Disl.XX1.pr.
687 2672 811 2734 Sonsn.

149 2755 225 2837 Peg.
241 2763 272 2823 8.
287 2759 310 2819 l.
327 2764 357 2824 3.
370 2751 483 2834 Ὅσῳ)
504 2754 595 2836 Lege
615 2775 706 2829 οσον,
729 2755 843 2817 invitis
868 2758 1017 2818 omuibus
1037 2759 1158 2821 nuruis

62 2839 166 2902 libris.
190 2840 312 2900 ὅσιον.
348 2836 451 2903 ’Ὅσον
463 2839 730 2922 Ms.1teg.2954.
752 2840 827 2903 Brr.

150 2923 227 2989 Eas.
240 2928 261 2988 l.
279 2931 330 2991 11·
355 2917 581 3004 Παναθήναια)
604 2923 657 2983 Ι)ο
673 2923 806 3004 quibus,
828 2938 861 2987 et
875 2924 948 2986 eliis
963 2924 1058 2987 sacris
1074 2947 1161 2991 cere.

64 3008 184 3069 moniis
201 3008 273 3068 dico
289 3009 420 3090 copiose
433 3003 491 3073 οὖν
503 3016 567 3094 θεῷ
578 3007 667 3070 alibi.
690 3010 824 3072 Bouun.
844 3072 847 3077 ,

150 3094 313 3175 P03.9.1.
331 3102 362 3161 3.
384 3087 504 3176 Ἀρετῆς
518 3088 665 3172 ἄσκησιν)
690 3095 763 3155 Ηοο
779 3091 942 3172 illudent,
974 3092 1061 3177 quod
1082 3093 1162 3176 pbi-

65 3177 221 3259 losophos
237 3199 344 3240 omnes
357 3178 502 3239 exercuit
514 3177 654 3256 tamdiu,
676 3177 716 3240 de
733 3200 797 3260 quo
812 3183 903 3241 locus
919 3178 1001 3240 nlius
1017 3176 1161 3257 dicendi,

65 3276 104 3322 ut
121 3278 153 3323 et
166 3261 205 3323 de
219 3264 276 3324 illo
289 3284 355 3347 seq.
372 3259 567 3344 εὐδαιμονίας
578 3269 684 3342 κτῆσιν
704 3264 839 3329 Bousn.

148 3345 227 3409 Eud.
241 3352 263 3409 l.
279 3355 309 3416 8·
334 3342 494 3432 Εὐθεῖαν)
517 3347 590 3407 Etsi
604 3341 683 3414 edel
697 3346 826 3412 defendi
842 3345 962 3430 possit,
982 3345 1098 3407 merito
1112 3358 1162 3406 ts.

65 3453 138 3493 men
156 3431 210 3492 bic
223 3427 436 3493 auscultemus
454 3446 592 3515 quatuor
609 3434 690 3497 Mss.
707 3449 739 3494 ct
754 3432 864 3494 stilum
879 3431 991 3493 Nostro
1007 3429 1162 3517 usitatum

67 3517 239 3599 sequimur.
274 3516 349 3581 Vid.
366 3518 450 3576 infra
465 3538 491 3577 c.
509 3521 557 3584 15.
601 3518 697 3579 Plurs
712 3520 857 3599 exemplu
872 3515 907 3575 in
924 3513 1034 3574 indice
1049 3513 1161 3599 fqrspn

66 3601 276 3682 apparebunt.
320 3596 475 3677 Εὐθεῖαν,
495 3609 633 3684 τραχεῖαν
647 3618 708 3664 eto.
734 3617 856 3676 nutem,
880 3597 999 3660 omisso
1014 3592 1105 3676 ὅδὸν,
1128 3608 1163 3660 et

67 3687 138 3743 aliis
154 3687 304 3767 frequens
320 3708 404 3762 esse,
430 3684 498 3751 vid.
510 3685 574 3748 Bos
594 3685 634 3748 ds
649 3686 763 3769 Ellips.
779 3705 811 3768 p.
828 3692 901 3752 107.
943 3681 1021 3744 Nisi
1033 3681 1097 3745 boc
1110 3680 1163 3743 ni·

64 3769 125 3827 mis
140 3774 278 3852 vulgsre.
314 3772 436 3833 Rrruz.

150 3853 226 3912 Eud.
238 3858 260 3917 1.
277 3863 327 3920 11.
346 3852 462 3937 Ἡμῖν)
483 3855 539 3918 Sic
552 3844 673 3937 optime
688 3852 736 3916 ed.
750 3854 778 3915 J.
801 3851 961 3934 Reliquis
972 3849 1055 3933 sipiv,
1073 3845 1164 3934 quod

66 3935 135 3996 scio
153 3937 309 3999 neminem
327 3941 547 4018 probaturum,
565 3939 620 4021 qui
638 3939 807 4000 Lucienum
824 3950 945 3999 attente
957 3936 1080 4020 legerit.
1102 3934 1164 3995 So·

68 4043 148 4082 ων.
187 4016 294 4104 ‘illiso
318 4024 536 4106 Quantumvis
550 4022 733 4084 blandiatur
749 4021 889 4084 Ιοοιιίιιαι
902 4021 1003 4083 lectio
1015 4016 1093 4101 ἡμῖν
1108 4037 1165 4079 ss·

67 4105 293 4185 liibeutis,uon
310 4122 415 4171 tsmsu
431 4107 650 4192 ssmrccipsrc
665 4107 788 4172 susim:
811 4106 891 4192 quin
906 4106 1058 4188 perlectis
1066 4122 1165 4187 prse-
