2634 4680
256 286 296 333 1u
323 284 505 344 Quonouo
532 283 710 334 ursrorun
737 286 795 335 sir
821 285 970 334 consen.
1085 264 1159 339 551

61 441 131 510 lor,
159 436 327 509 Terentius,
350 433 386 490 in
405 445 573 512 utramque
594 446 732 509 partem,
756 433 790 491 in
807 436 887 512 prol.
903 433 1079 494 Heautont.
1098 430 1158 495 tub

64 521 117 581 fin,
131 533 163 578 et
186 519 252 592 lll,
272 528 308 592 l,
332 525 385 585 31.
431 515 482 576 cf.
502 517 579 578 infr.
595 515 668 575 Ver.
694 517 781 576 Hiar.
798 516 842 581 11.
858 531 884 583 c.
898 525 953 595 40.
995 517 1039 575 Et
1056 517 1156 582 Deor.

61 606 151 662 Dial.
170 603 259 661 XVI.
283 604 411 661 Socnu.
463 599 733 682 Conjuirgendum
747 598 911 682 πρόςαντις
929 616 960 661 et
979 595 1155 675 ἀκούουσιν,

61 710 138 769 ergo
161 680 237 745 non'
250 682 547 771 difficile’rcribenti,
577 699 613 742 ut
638 683 763 767 Gesnero
784 687 905 762 visum,
927 684 1156 746 reducturum

60 772 265 833 audientibus:
288 770 391 830 landes
405 768 555 828 molestias
571 769 724 849 facessunt
740 769 941 844 auditoribus,
965 768 1156 848 (commode

59 856 239 937 Rudolpltus
254 855 381 915 confert
400 857 507 912 locum
524 852 681 920 Plutarch.
695 852 734 914 de
751 853 856 916 Educ.
872 854 971 926 VIlI,
986 863 1038 920 27.
1056 880 1154 937 μονῳ-

59 945 109 1004 diu
133 977 169 986 —-
196 942 255 1002 ἐστὶ
276 937 427 1016 πλήσμιον
449 941 499 1001 καὶ
519 933 702 1017 προςαντες)
729 937 827 1020 idque
847 933 922 1022 παρ’
936 928 1094 1018 ἑκάτερον,
1122 942 1154 998 in

58 1044 212 1105 utramque
227 1040 340 1104 partem
348 1048 359 1102 ,-
382 1020 470 1103 quod
486 1022 563 1102 quid
585 1021 645 1097 rit,
668 1044 709 1083 ex
730 1044 768 1084 eo
786 1038 894 1102 patet,
919 1025 1006 1103 quod
1024 1023 1154 1104 opponi·
1187 1070 1191 1077 .

59 1124 126 1167 tum
145 1110 316 1166 manifesto
332 1123 379 1166 est
393 1113 437 1190 τῷ
451 1112 561 1194 κομιδῆ
573 1103 719 1189 perlubet,
735 1111 777 1183 ei,
792 1106 874 1190 quod
885 1107 975 1189 plane
986 1111 1151 1190 eetflcrrnn,

49 1191 253 1280 fabulosum:
281 1212 356 1272 ergo
379 1189 429 1270 ἐφ’
450 1189 608 1273 ἑκάτερον,
631 1208 783 1279 utrumque
800 1195 827 1251 si
845 1210 972 1274 spectes,
998 1207 1060 1255 ectr
1083 1191 1154 1253 aiva

61 1280 153 1336 fictae
169 1277 233 1334 sint
248 1275 357 1335 laudea
372 1292 403 1336 et
423 1276 603 1351 fabulosae,
625 1277 695 1335 sive
713 1278 810 1336 etiam
825 1270 918 1335 verae
933 1289 965 1335 et
981 1276 1152 1358 genuinae,

58 1382 181 1441 semper
203 1359 332 1419 laudare
354 1376 401 1421 est
414 1383 461 1421 res
476 1360 616 1436 lubrica,
639 1377 672 1420 et
686 1364 817 1421 molesta
835 1360 1060 1431 audientibus;
1086 1359 1154 1418 im-

58 1469 125 1505 mer
148 1447 190 1503 ist
212 1460 277 1523 est,
309 1446 342 1502 in
365 1445 467 1526 jedem
491 1447 596 1519 Falla,
628 1445 688 1506 den
717 1443 885 1504 Zuhiirern
905 1442 1072 1522 euwider,
1095 1443 1152 1524 qui

58 1529 186 1610 quidem
203 1551 288 1588 nunc
304 1550 367 1588 non
384 1530 621 1606 laudationem,
645 1528 702 1589 aed
720 1529 951 1604 narrationem,
975 1528 1085 1591 audire
1100 1549 1153 1588 ve·

56 1617 136 1675 lint:
168 1615 261 1674 Hanc
285 1616 378 1673 unice
401 1636 505 1676 veram
523 1615 674 1675 existimo
696 1634 764 1675 esse
787 1613 882 1695 hujus
897 1614 965 1674 loci
980 1614 1069 1673 varie
1083 1611 1154 1672 dir·

56 1698 136 1757 torti
157 1699 416 1777 explicationem.
464 1700 515 1759 cf.
538 1700 639 1758 Diall.
664 1697 875 1769 Decr.XV1,
901 1706 929 1767 1.
951 1696 1007 1757 ubi
1030 1698 1151 1776 Apollo

59 1783 179 1842 dicitur
197 1781 269 1860 λοξὰ
286 1786 337 1846 καὶ
359 1785 631 1863 ἐπαμφοτερίζοντα
652 1780 752 1862 πρὸς
771 1778 951 1865 ἑκάτερον
972 1790 1027 1861 τῆς
1040 1779 1153 1862 ἐρατῆ-

59 1890 135 1941 σεως
152 1863 400 1947 ἀποκρινόμενος,
418 1863 460 1942 οἷς
476 1862 643 1932 οἷκίνδυνον
659 1865 736 1932 εἶναι
751 1864 882 1947 σφάλμα,
904 1868 927 1926 i.
946 1888 975 1928 e.
990 1871 1020 1926 in
1032 1882 1154 1925 utram-

58 1977 114 2035 que
130 1955 308 2032 quaestionis
324 1968 457 2033 partem,
479 1953 549 2012 rive
563 1951 660 2028 banc,
682 1952 870 2028 circinum,
885 1951 991 2033 pelis,
1015 1971 1072 2030 pro
1089 1971 1150 2009 ruo

59 2037 195 2117 quisque
211 2038 326 2098 auimo.
352 2036 395 2095 Et
409 2037 457 2096 sic
471 2038 630 2118 explicata
644 2035 755 2098 verba:
778 2039 830 2098 καὶ
840 2033 873 2099 τὸ
887 2043 948 2098 τῶν
964 2037 1095 2099 ἐπαίνων
1108 2066 1153 2083 -·-

58 2117 241 2190 ἀκούουσιν,
266 2119 351 2181 baud
374 2142 502 2200 vereor,
526 2143 568 2182 ue
592 2123 664 2204 quir
683 2142 755 2181 cum
777 2119 939 2205 Rudolplro
956 2141 1014 2201 pro
1035 2117 1154 2200 spurii}

61 2207 107 2269 ait
122 2203 299 2269 habiturus.
323 2206 442 2268 Leuu.

144 2288 220 2350 End.
235 2293 257 2349 l·
273 2297 302 2357 8·
331 2296 401 2364 Τοῖς
417 2285 605 2354 ἀκούουσιν·
626 2286 667 2367 ῆν
682 2283 877 2371 ἐπινοήσας)
899 2289 1068 2373 Vulgarum
1086 2307 1153 2347 mu-

60 2374 145 2449 tavi,
174 2367 214 2455 ῆν
235 2374 268 2432 in
290 2369 330 2453 ῆν
355 2373 538 2458 migrando,
569 2389 600 2435 et
623 2372 884 2450 distinctionem,
915 2395 997 2455 quae
1018 2386 1092 2452 pont
1113 2366 1155 2451 ῆν

59 2475 144 2537 erat,
167 2474 241 2518 ante
257 2458 339 2517 illud
362 2459 570 2536 collocando,
596 2460 823 2541 praeeuntibus
846 2461 885 2520 G.
909 2460 949 2523 L.
969 2475 1001 2517 ct
1013 2457 1043 2521 J.
1066 2453 1153 2538 quod

60 2545 146 2605 enim
163 2548 261 2624 vulgo
278 2543 461 2624 legebatur,
486 2538 556 2607 midi
571 2542 701 2626 τερπνὸν
716 2580 759 2598 -ι-
773 2535 1088 2620 τοῖς’ἆκούοοσιν-ῆν,
1112 2537 1155 2621 μῆ

59 2625 114 2689 τὸν
138 2623 287 2702 συρφετὸν
308 2642 367 2685 erc.
389 2626 651 2709 vertebaturque,
680 2653 770 2710 neque
786 2627 949 2710 jucundum
970 2624 1155 2691 audientibus

62 2727 140 2783 erat,
164 2710 232 2772 dum
248 2734 306 2770 non
320 2709 451 2803 defaece
465 2711 615 2778 hominum
626 2711 841 2792 intelligamus,
865 2711 899 2770 id
913 2734 952 2771 ex
970 2696 1092 2769 Graeco
1108 2711 1168 2789 ric¹

65 2796 122 2855 vix
138 2795 263 2865 eliciam
288 2798 349 2872 jam
365 2814 439 2853 vero
456 2789 496 2875 ῆν
516 2791 557 2874 μῆ
573 2800 782 2875 conjunctum
800 2795 943 2875 apertius
955 2796 1013 2856 nisi
1027 2792 1155 2876 signifi-

66 2878 170 2948 cabit,
193 2892 225 2936 et
240 2876 369 2941 verbum
384 2894 464 2953 erat,
488 2883 565 2938 satia
584 2879 846 2961 intelligiturper
862 2878 1007 2958 ellipsin:
1029 2875 1083 2936 sed
1096 2887 1154 2956 pro

64 2967 224 3040 ἐπινοῆσαι
242 2966 302 3042 jam
324 2982 452 3043 quoque
465 2964 571 3042 recepi
587 2963 771 3042 ἐπινοῆσαις.
807 2963 932 3030 Durior
943 2962 998 3021 bic
1011 2960 1093 3023 enim
1108 2971 1157 3019 ent

65 3046 257 3110 infinitivus.
301 3047 371 3106 Ima
388 3068 458 3106 cum
473 3061 505 3107 et
527 3069 635 3131 margo
652 3050 697 3108 A.
716 3058 743 3114 1.
761 3050 807 3115 W.
824 3046 857 3108 id
872 3046 1007 3122 hubert,
1030 3058 1063 3106 et
1079 3042 1157 3105 Ger-

63 3157 147 3192 nerus
162 3152 291 3211 quoque
313 3131 359 3190 nic
374 3130 541 3213 legendum
566 3133 744 3215 exirtimet,
768 3147 860 3195 tauto
877 3133 979 3216 magia
1003 3129 1044 3197 ad
1060 3128 1095 3189 id
1107 3148 1157 3190 re·

63 3215 246 3296 cipiertdum
261 3236 457 3296 permoveor,
486 3218 610 3287 Ratun,
737 3284 740 3291 1
901 3230 905 3235 ’

148 3299 227 3363 Ibit.
245 3299 309 3363 Ἢν
325 3298 364 3381 μῆ
384 3335 429 3347 -
449 3304 626 3384 ἐπινοῆσαι)
640 3297 701 3368 Ἢν
713 3298 755 3385 μῆ
775 3338 820 3353 -
839 3296 996 3389 intvadup.
1021 3299 1155 3361 Gunr.

54 3380 124 3448 ’Ἢν
135 3381 173 3464 μῆ
189 3386 271 3466 etc.)
294 3386 348 3444 Sic
365 3387 498 3447 omniuo
514 3386 683 3471 legendum
700 3409 771 3448 cum
783 3389 863 3448 Mar.
882 3388 921 3447 G.
936 3387 972 3456 P,
988 3379 1155 3481 1αῇΕά

63 3471 93 3530 J.
118 3469 147 3528 Ν
152 3469 192 3531 isi
208 3491 277 3530 curn
293 3470 331 3529 G.
340 3471 405 3534 Ms.
419 3475 505 3554 legar
517 3494 592 3533 mox
605 3475 723 3543 ἐπινοεῖ
735 3493 792 3555 pro
807 3474 974 3552 ἐπινοῆσαι.
997 3469 1157 3548 Reliquae

65 3553 149 3612 Edd.
173 3545 212 3633 ῆν
231 3568 292 3613 etc.
315 3576 386 3636 cum
407 3556 670 3634 praecedentibus
693 3560 906 3639 conjungunt.
935 3555 1063 3615 Sanan.
1114 3550 1155 3610 In

63 3660 143 3697 voce
158 3640 314 3718 ἐπινοῆσαι
335 3637 505 3701 admodum
523 3640 646 3705 variant
659 3640 747 3700 libri.
792 3641 872 3700 Cum
887 3640 950 3703 Mt·
966 3639 1020 3699 Gr.
1039 3638 1160 3703 ἐπινοεῖ

64 3724 185 3803 legenti
207 3724 287 3782 facit
304 3721 385 3783 Cod.
399 3732 494 3791 3011.
537 3724 599 3785 Sed
619 3727 742 3810 ι’πινοῆς
761 3724 895 3786 exhibet
911 3720 1005 3791 2954.
1050 3720 1155 3804 Qum

64 3807 234 3867 lectionem
252 3807 384 3869 Reitnius
404 3830 421 3869 e
445 3831 540 3891 marg.
559 3811 598 3870 A.
617 3819 644 3875 1.
667 3812 723 3870 W.
745 3809 884 3889 recepit,
906 3822 939 3871 et
959 3806 1155 3867 recentiores

64 3888 145 3948 Edd.
162 3890 374 3969 admiserunt,
396 3889 585 3972 ἕπινοῆσαις,
609 3894 739 3956 eandem
753 3892 883 3957 exhibet
895 3891 990 3955 etiam
1004 3892 1084 3963 Ad.
1098 3888 1155 3954 aed

65 3979 239 4049 ἐπινοῆσαις
252 3975 411 4059 scriptam.
455 3979 494 4038 In
519 3998 581 4059 qun
598 4000 695 4059 quum
713 3977 819 4039 Belino
835 3977 1042 4036 soloecismus
1058 3973 1155 4034 vide·

68 4074 153 4118 retur
165 4059 268 4119 inerte
282 4061 431 4143 Optativi
454 4084 525 4123 aum
545 4060 586 4144 ῆν
605 4063 801 4146 coujunctir'
812 4061 948 4124 malebat
963 4077 1018 4124 aut
1034 4054 1155 4139 ἐπινοῆ-
