2634 4680
260 312 300 359 ιν
327 307 510 368 Quorrono
538 307 717 356 ursroars
744 308 803 357 sir
829 310 975 361 consen.
1094 288 1169 365 559

72 464 105 524 9.
124 470 199 539 post
217 470 397 539 peragratas
410 455 536 514 ltaliam
550 471 584 515 et
597 454 753 532 Galliam3
775 477 846 515 cnm
860 477 900 516 ex
912 457 1036 540 Peregr.
1058 459 1170 534 Morte

72 558 183 624 pateat
198 564 224 603 c.
236 549 287 609 35.
303 542 380 600 satis
395 539 498 599 fuisse
512 540 542 600 ei
564 539 718 620 temporis
741 538 781 600 ad
799 558 966 622 utramque
985 540 1170 620 visendam,

73 643 107 685 et
124 650 163 686 ex
180 627 312 686 Somnio
331 646 400 706 cap.
419 631 450 691 9.
475 640 593 703 patrem
616 623 662 681 ibi
686 622 836 685 habuisse
855 623 999 703 obviam,
1031 642 1169 701 constet.

70 712 168 771 Certe
184 710 260 769 hinc
277 711 311 769 in
328 710 421 770 Ionia
439 708 523 767 circa
539 728 657 769 annum
674 707 797 779 Christi
814 708 969 773 CLXIII.
988 713 1106 789 fuisse,
1127 713 1168 772 li·

71 794 175 874 quido
194 812 337 855 constat:
361 814 426 873 quo
444 807 586 872 tempore
602 796 665 872 jam
681 813 785 853 annos
800 792 840 852 ad
853 794 1019 855 minimum
1034 796 1101 856 Xll
1114 796 1167 855 ab·

69 880 207 939 fuisses
225 881 328 959 patria
345 900 385 938 ex
399 878 501 936 Mart.
523 877 651 957 Peregr.·
665 896 691 941 c.
705 882 757 946 35.
783 899 854 938 cum
880 893 992 959 quater
1015 881 1168 961 Olympia

69 964 224 1039 vidisset,
248 979 368 1023 certum
385 974 442 1024 est.
484 958 580 1021 Unde
596 963 742 1043 proclive
763 975 811 1023 est
832 961 995 1045 judicare,
1026 986 1106 1046 quae
1128 964 1169 1025 de

70 1071 130 1108 sua
146 1049 262 1109 vitain
282 1046 415 1106 Somnio
435 1044 548 1123 habat,
570 1044 808 1118 consideranti,
839 1047 973 1127 patriam
997 1062 1074 1109 tunc
1096 1050 1169 1129 pri-¹

69 1155 157 1191 mum
174 1132 334 1193 revisisse.
378 1129 476 1212 Quod
490 1127 544 1188 hic
558 1128 597 1188 ad
621 1128 873 1213 Chronologiam
893 1131 1090 1205 Lucianjeam
1112 1134 1169 1193 fa·-

69 1218 178 1277 liciter
191 1212 414 1276 adstruendam
436 1211 701 1275 substernendum
718 1214 792 1278 fuit.
837 1215 1044 1276 Observanda
1062 1232 1177 1293 auteur

70 1301 129 1360 hic
142 1316 191 1361 est
205 1300 254 1360 vis
272 1299 360 1360 verbi
375 1302 530 1383 ἔνιιγχος.Ι
548 1296 637 1379 quod
649 1299 815 1359 recentius
833 1299 913 1382 quid
936 1316 1043 1378 notat,
1062 1320 1169 1382 'quam

70 1385 159 1466 quod
176 1406 250 1445 mox
267 1384 430 1465 sequitur,
452 1379 571 1462 τροίην.
614 1384 695 1444 Rem
711 1383 809 1443 unico
826 1387 973 1464 exemplo
990 1384 1169 1445 illustrabo.

67 1471 109 1530 ln
126 1469 240 1529 Abdic.
255 1492 282 1531 ο.
296 1477 325 1535 2.
342 1467 429 1550 quod
445 1466 530 1547 apud
544 1465 667 1547 judices
679 1489 697 1526 a
715 1488 749 1528 se
762 1466 870 1550 πρώην
883 1470 1005 1531 factum
1017 1491 1081 1531 rom
1095 1471 1171 1529 sim-

68 1554 199 1636 pliciter
213 1573 342 1614 narrant
360 1552 503 1622 dixerat3
535 1573 608 1614 cum
634 1550 749 1625 deinde
770 1551 809 1611 ad
833 1569 1017 1635 argumenta
1037 1568 1169 1614 ventum

68 1657 118 1701 est
127 1678 140 1717 ,-
159 1654 196 1698 nt
211 1636 337 1719 pondus
354 1636 403 1697 rei
415 1636 526 1713 addat,
545 1634 624 1695 'dum
636 1640 798 1718 nuperrime
810 1638 929 1698 facturn
943 1659 1011 1700 esse
1024 1637 1065 1699 ad
1080 1660 1171 1698 caus·

70 1748 136 1785 sam
153 1723 258 1783 facere
273 1720 428 1797 videtur,
443 1741 509 1779 non
525 1724 587 1802 jam
603 1741 683 1780 voce
699 1718 824 1802 πρώην,
847 1722 1004 1804 utprins,
1028 1723 1103 1782 dnm
1115 1723 1172 1781 ni-

70 1811 120 1870 hil
143 1812 205 1868 tale
218 1806 386 1890 agebatur,
411 1803 466 1866 sed
482 1826 563 1865 voce
579 1802 711 1888 ἔνᾶγχως
724 1807 828 1865 utitur
844 1828 912 1887 cap.
928 1817 977 1875 13.
994 1812 1086 1889 cujus
1103 1807 1170 1867 vim

71 1916 148 1954 mox
162 1893 274 1972 paucis
291 1890 469 1968 interjectis
482 1909 619 1969 sequens
635 1887 729 1963 εὐθύς
741 1911 808 1951 eam
823 1911 907 1965 esse,
930 1912 1024 1974 quam
1038 1904 1171 1951 conten·

72 1979 133 2051 do,
158 1976 236 2035 satis
251 1973 406 2033 ostendit.
452 1972 545 2033 Unde
560 1978 623 2054 jam
640 1973 774 2045 evicisse
790 1973 870 2033 mibi
892 1977 969 2035 satis
990 1980 1172 2050 luculenter

70 2062 204 2137 videor,
227 2058 364 2119 reditum
377 2057 519 2117 Luciani
533 2058 566 2116 in
581 2057 715 2137 patriam
733 2056 887 2142 flagrante
910 2081 949 2121 eo
975 2057 1060 2121 bello
1083 2060 1183 2135 secie„

72 2146 174 2223 disse,
198 2166 269 2205 cnm
286 2143 320 2201 in
337 2142 472 2203 Graecia
487 2146 549 2222 jam
563 2141 722 2223 ejusmodi
746 2142 897 2204 historias
916 2143 1046 2204 recitari
1069 2148 1170 2226 vulgo

71 2230 228 2301 audierit,
251 2242 283 2287 et
299 2248 373 2285 mox
389 2225 422 2284 in
437 2226 531 2287 Ionia
550 2227 692 2307 ejusdem
707 2228 831 2288 farinae
849 2227 985 2310 scripta,
1009 2242 1083 2290 anta
1095 2248 1171 2288 con-

68 2317 190 2376 fectnm
205 2312 371 2373 idbellum
387 2311 568 2390 nuperrime
583 2311 712 2374 viderit.
735 2313 860 2374 Souna.
904 2312 1060 2373 Achaiam
1088 2312 1172 2375 Wie-

69 2400 191 2462 landius
207 2418 272 2458 non
291 2417 385 2456 sensu
404 2395 581 2472 strictiori,
611 2394 666 2457 sed
690 2411 791 2457 totam
816 2398 949 2459 omnino
973 2396 1129 2475 Hellade,
1151 2419 1171 2457 a

67 2484 224 2544 Romanis
238 2480 392 2541 Achaiam
407 2477 542 2554 dictam,
566 2480 809 2564 intelligendam
832 2503 898 2543 esse
919 2497 1048 2562 censet,
1072 2503 1170 2565 quum
1282 2494 1288 2505 ’

71 2582 255 2649 opponatur
267 2562 405 2707 'ItonionL
430 2564 491 2661 Cui
511 2564 653 2709 Ιίοτὲοοο
667 2565 796 2708 ορρτᾶο.
839 2565 903 2628 Sed
919 2588 999 2665 'num
1015 2568 1171 2664 ineptum

69 2654 177 2794 {3533
198 2664 570 2794 lllttnl⁰lttt
591 2664 693 2808 0232}
718 2650 1175 2796 lttntssltlt’lltzssllr

72 2814 225 2898 αὖτοψίοιν
238 2815 442 2897 impudenter
455 2813 626 2896 fingentem
643 2815 859 2898 reprehendit,
883 2816 1018 2897 adlecit:
1041 2820 1174 2893 aalma,
1204 2827 1211 2838 “

73 2931 111 2968 τοι
127 2904 304 2985 Κορινθίων
320 2895 497 2964 ἀκουόντων
520 2893 728 2983 ἆντγίγνωοκε.
751 2921 779 2965 t.
794 2908 845 2969 29.
868 2901 960 2963 Ron.
1004 2903 1081 2965 Nan
1104 2923 1173 2979 mo,

75 2989 117 3048 do
135 3010 200 3047 non
221 2988 385 3066 ineptum,
409 2982 574 3044 sedetiam
590 2985 726 3047 maxime
745 2985 911 3065 probabile
932 3000 995 3065 est,
1018 2986 1172 3049 Corinthi

72 3093 203 3156 quoque
223 3070 406 3131 Lucianum
424 3065 620 3152 aliquamdiu
638 3086 866 3131 commoratum
887 3092 965 3134 esse.
1008 3072 1098 3132 Hinc
1116 3086 1173 3149 ta-¹

70 3180 142 3218 rnen
160 3156 320 3216 nihildum
336 3152 480 3236 sequitur
503 3151 542 3210 ad
571 3152 733 3215 Wielandii
755 3155 963 3234 sententiam,
995 3177 1078 3240 qnae
1100 3156 1172 3217 lin'-

71 3263 153 3325 guae
168 3264 227 3300 usu
242 3255 311 3299 tum
326 3236 478 3319 temporis
491 3237 647 3297 Romanis
660 3242 724 3320 jam
739 3238 859 3301 dudum
872 3255 1018 3325 recepto,
1041 3240 1171 3318 nititur,

72 3324 324 3409 infringendam.
346 3323 465 3386 Lanu.
525 3372 529 3379 .
1127 3370 1130 3375 .
1168 3394 1173 3403 Ι

152 3410 231 3472 Ead.
245 3412 266 3469 l·
283 3415 313 3475 6.
338 3404 478 3493 Προίην)
500 3405 553 3469 cf.
574 3427 651 3468 mox
663 3426 733 3490 cap.
751 3417 801 3478 17.
816 3432 866 3494 pr.
890 3423 923 3472 et
942 3410 1018 3475 Ver„
1037 3409 1125 3475 Hist.
1144 3408 1173 3471 I.

72 3518 100 3560 c.
117 3504 167 3565 33.
191 3498 317 3557 sorra.
806 3524 816 3543 s
1160 3550 1163 3557 .

155 3580 225 3641 End
240 3585 262 3640 1.
283 3584 312 3644 9.
326 3573 476 3659 Ὅρκον
497 3576 722 3658 ἐντιθέναι]
745 3580 915 3643 Formulae
936 3579 1040 3666 igitar
1054 3582 1173 3660 joran-3

72 3663 124 3741 di,
149 3683 410 3747 qussvocamus,
433 3659 473 3741 νὴ
489 3666 551 3726 Δία
563 3676 623 3727 etc.
647 3682 729 3744 quae
745 3664 881 3748 singulis
898 3666 965 3729 fere
984 3662 1112 3749 paginis
1127 3667 1172 3723 le-

70 3766 206 3832 guntur,
231 3745 440 3830 jurisjurandi
453 3750 527 3807 loco
540 3766 607 3806 non
619 3760 697 3807 sunt
708 3746 850 3811 habitas.
873 3751 965 3813 Runa
1009 3750 1050 3819 ln
1063 3768 1172 3809 recem

70 3834 192 3892 tissima
209 3833 288 3893 adeo
304 3832 453 3893 memoria
470 3846 517 3891 est
532 3827 611 3911 πρὸς
626 3834 785 3911 Χαρίτων,
808 3833 967 3903 formulas
978 3834 1096 3917 jurium
1120 3835 1171 3911 ju.

68 3917 240 3977 randorum
255 3937 387 3977 numero
401 3919 494 3975 nullo
507 3914 605 3976 modo
617 3914 817 3996 excipienda.
831 3976 836 3985 ,
864 3918 999 3981 Videtur
1015 3915 1097 3977 mihi
1111 3916 1172 3983 ita.

70 4023 134 4082 que
149 4005 239 4060 locus
256 4005 396 4061 colorem
419 4000 536 4061 habero
553 4000 619 4080 joci
642 4000 827 4087 cujusdam,
860 4023 955 4087 quem
979 4020 1086 4067 tamen
1109 4020 1170 4083 ego

68 4107 135 4145 non
155 4085 284 4166 penitus
301 4085 476 4166 perspicio.
500 4085 620 4149 Lanu.
