2634 4680
251 297 293 346 ru
318 294 501 355 ouonono
529 293 707 343 nrsronrn
733 294 792 343 err
816 295 967 346 consen.
1076 272 1155 355 577

58 459 134 508 ante
148 430 306 529 pugnum,
330 462 393 528 qua
406 442 441 502 in
454 463 488 505 re
501 443 634 503 tolenno
647 458 714 503 eoae
726 440 918 504 vocabulum
933 441 1028 505 docet
1037 442 1156 510 Pollux

56 533 86 608 1,
102 540 173 599 168.
186 532 240 591 De
253 528 353 590 muria
364 542 470 590 autern
483 522 719 589 collabentibus
730 526 923 589 ineolentiut
934 527 1062 592 videtur
1073 531 1158 591 fniu-

58 638 103 680 ee.
125 618 246 677 Lunna.
480 650 486 683 .=
731 666 734 673 .
930 648 933 653 ·
1045 644 1048 651 ·
1138 656 1143 681 ‚·

142 699 222 762 Εαδ.
238 703 260 765 L
274 703 307 767 4.
320 686 478 773 Ἔδεσσα)
498 694 642 777 Εδτσοοα·
655 693 797 757 Arabiae
810 694 951 777 biritu,
974 713 1067 761 autea
1083 698 1157 761 An„

56 785 182 850 tiochia
195 784 301 861 dicta,
324 797 362 842 ut
379 780 491 842 toribit
504 781 588 844 Plin.
603 780 643 843 V.
663 802 691 842 o.
709 788 760 849 24.
782 779 892 844 Goon.
936 783 1023 845 Olim
1038 783 1157 845 Antio-

56 871 129 931 chia
151 869 191 930 ad
210 864 384 949 Καλλτρσήν
401 864 497 928 diota.
542 867 582 928 V.
596 864 677 929 Plin.
695 866 735 944 V,
751 871 803 934 24.
819 880 852 927 et
868 866 979 950 spanh-
993 876 1065 938 602.
1087 867 1158 931 So-

59 979 139 1017 nnn.
184 952 283 1028 Πόλις
297 955 413 1037 Συρίας
419 996 430 1027 ,
454 946 505 1016 διδ
519 947 578 1032 τὴν
591 957 654 1016 τοῖν
674 945 797 1015 ibitur
811 948 911 1032 ῥύμην
934 949 1015 1019 οὕτω
1033 961 1158 1035 κληθεῖ-

56 1063 106 1118 σα,
132 1033 193 1103 οἶαδ
206 1047 260 1117 τῆς
275 1040 307 1102 lv
322 1033 491 1102 Μακεδόνα
512 1033 580 1098 vid.
598 1034 698 1118 Stepb.
715 1036 789 1117 Byz.
806 1034 847 1097 de
861 1034 938 1096 Urb·
950 1058 983 1116 P·
999 1045 1072 1107 ³84.
1095 1038 1158 1098 ibi.

57 1146 122 1206 que
133 1120 248 1189 Berkel.
261 1122 422 1203 sperem.
439 1119 480 1183 de
491 1134 665 1204 praestant.
688 1134 722 1183 et
733 1142 796 1184 uon
804 1140 926 1183 numm.
940 1123 979 1187 Τ.
993 1122 1022 1184 1.
1037 1143 1071 1207 ρ.
1083 1126 1160 1193 586.

56 1207 332 1272 Lond.etnlibi.
353 1207 445 1271 Rnn.
507 1262 510 1269 ,
598 1238 636 1267 ;,

60 1377 83 1440 S
145 1290 225 1354 Εαδ.
245 1295 269 1356 l.
290 1297 321 1360 7.
361 1286 540 1377 Δημοτιαδ)
575 1290 626 1356 Μ.
648 1303 681 1354 et
695 1292 739 1355 1³.
777 1291 822 1355 In
841 1288 978 1378 reliquit
996 1286 1161 1377 δημοτικά.

87 1400 191 1441 onan.
803 1422 806 1427 .

141 1461 220 1522 Εαδ.
235 1465 257 1525 1.
274 1467 306 1530 8.
331 1456 597 1545 Παρενσβέβυστο)
618 1458 660 1522 V.
674 1459 781 1519 locum
801 1460 1099 1525 manifestissimum
1124 1459 1161 1523 i'n

62 1548 157 1608 Gallo
183 1568 210 1607 o.
229 1553 278 1614 11.
301 1545 359 1606 ubi
375 1565 441 1606 vox
457 1540 561 1605 affinio
576 1538 715 1647 περιρδα
731 1542 912 1608 adhibetur.
934 1547 1064 1609 Sonnn.
1105 1546 1163 1607 In·

60 1635 111 1693 fra
131 1651 208 1693 vero
229 1631 313 1696 Gall.
333 1637 429 1697 o.11.
451 1631 517 1702 ait,
544 1632 761 1711 παριβνσαντες
776 1623 953 1713 ὑπαυχένια.
994 1633 1040 1693 Et
1065 1630 1163 1715 tuoto

63 1716 103 1777 de
118 1717 224 1777 Mero.
243 1714 337 1781 cond.
351 1736 379 1779 o.
394 1723 447 1784 82.
462 1711 749 1795 συμπαραβύσωσιν.
771 1713 876 1776 Innre.
1142 1740 1146 1747 ·

60 1848 63 1853 .
146 1799 227 1863 Ιδίδ.
246 1794 513 1878 Ἐασδστσιλεν]
534 1799 624 1860 Mele'
641 1797 817 1879 interprete
837 1798 1012 1883 epistolavit.
1033 1822 1107 1862 nnm
1124 1799 1164 1861 il·

60 1884 120 1951 lud
132 1880 246 1959 εδτελὲς
259 1904 326 1949 nou
343 1897 391 1946 eet
402 1885 438 1943 in
454 1882 629 1959 haovoea,
652 1902 716 1961 qua
731 1882 836 1944 utitur
852 1885 982 1949 Lucinn.
1000 1885 1077 1948 init.
1095 1905 1165 1967 eap.

61 1979 118 2040 81.
132 1984 164 2030 ct
178 1968 325 2030 Herodot.
340 1969 397 2043 VI,
413 1977 445 2037 8.
462 1967 593 2048 aliique.
637 1965 708 2026 Neo
721 1965 815 2029 valde
832 1969 1032 2051 probabilis,
1063 1970 1092 2030 oi
1114 1971 1164 2030 faa

63 2069 111 2116 eet
125 2054 248 2130 dicere,
259 2112 263 2120 ,
276 2050 427 2116 Wreliondi
438 2050 615 2129 sententia,
624 2045 670 2116 ,τδ
685 2045 799 2127 εὐτελὲς
813 2073 881 2116 ente
896 2054 933 2114 in
946 2074 1029 2117 voce
1044 2052 1164 2139 κύριος,

64 2140 259 2199 Graecorum
276 2137 383 2196 animo
397 2137 555 2220 ingenuo,
580 2149 613 2196 et
625 2133 784 2196 libertatis
799 2138 918 2198 amanti
933 2160 1000 2200 non
1015 2138 1167 2201 tolerabi-

61 2223 107 2295 113
132 2223 229 2282 immo
245 2223 282 2283 in
300 2216 573 2304 στρατοπεδάρχης.
594 2240 668 2281 nem
685 2239 783 2301 quum
798 2224 1167 2305 Lucienue'oaepioaime
1242 2230 1245 2237 '

59 2306 152 2367 dicat
168 2304 348 2393 στρατηγὸς,
372 2306 451 2369 haee
466 2308 582 2367 vocula
599 2318 665 2365 non
685 2305 749 2365 niei
763 2304 828 2367 hoo
848 2329 914 2368 uno
932 2313 1007 2370 loco
1022 2308 1088 2393 legi
1110 2310 1168 2371 vi-

64 2392 167 2457 detur.
190 2392 283 2455 Run.
327 2393 417 2453 lnter
431 2390 529 2469 vilia,
551 2393 605 2452 vel
620 2387 774 2471 plebeja,'
786 2395 839 2454 vel
855 2391 1077 2455 mendicorum
1093 2412 1169 2477 pro·

65 2478 152 2558 pria,
184 2477 343 2538 vocabule
365 2477 498 2537 minime
520 2474 633 2537 referri
649 2484 756 2555 potent
772 2475 1054 2561 στρατοπεδάρχης,
1072 2476 1168 2562 'quod

65 2560 151 2640 apud
169 2562 294 2644 Dionys.
308 2560 386 2622 Ηαῑ.
404 2580 507 2640 aeque
522 2558 558 2620 σο
572 2558 714 2619 muneris
734 2581 800 2620 vox
824 2568 1076 2648 στρατοπεδαρχία
1095 2567 1168 2644 plna

65 2648 162 2705 semel
177 2645 321 2704 occurrit
332 2644 372 2704 de
392 2644 510 2705 tribuno
526 2642 670 2719 militum,
695 2657 727 2704 et
750 2643 813 2705 hoo
832 2647 994 2710 tribunatu.
1038 2647 1171 2709 Adeon-

67 2728 133 2787 tior
152 2726 338 2805 Wielnndio,
362 2725 478 2810 Κύριος
493 2726 684 2786 illiberaliua
699 2725 821 2787 dictum
842 2733 990 2811 putanti,
1020 2752 1080 2814 pro
1101 2725 1173 2796 Αδ-

66 2808 240 2892 τοκρᾶτωρ,
277 2816 329 2873 vel
351 2807 522 2895 Σεβσστδς,
551 2814 606 2870 vel
628 2816 757 2893 Καῖσαρ.
804 2812 1172 2895 Gesneriqoommentunn

68 2894 388 2980 epistolavitretinere
404 2896 566 2978 Placebat,
589 2893 645 2955 aed
661 2909 848 2959 correctum.
870 2901 989 2961 Lnun.

153 2979 232 3040 Εαδ.
253 2983 278 3042 1.
299 2988 331 3047 9.
356 2975 580 3066 Ἐγχρῄζοντα)
615 2977 761 3063 Caetigat
784 2983 971 3063 toriptor'em
985 2984 1172 3053 historiae.
1273 2992 1276 3001 '

69 3064 127 3148 qui
151 3065 231 3126 alibi
255 3069 355 3127 multa
375 3066 523 3148 ροὸσίαα,
561 3061 641 3125 alibi
665 3065 793 3148 plebeja
811 3079 843 3129 et
859 3064 991 3131 barbaro
1015 3068 1174 3131 vocabuli

67 3171 146 3211 onae
161 3149 344 3211 intexuerat
361 3149 525 3215 historiae.
558 3149 659 3231 inter
673 3148 909 3231 pleb'ejaetiam
935 3168 984 3215 eet
1003 3151 1042 3220 τδ
1061 3149 1175 3238 ἐγχρῄ-

68 3241 167 3311 ζοντα.
212 3232 274 3295 Sed
290 3239 384 3297 loona
401 3237 457 3297 ille
472 3235 520 3296 aio
535 3230 665 3296 vitietur
680 3255 747 3296 esee
761 3235 1039 3321 interpungendue
1055 3253 1088 3300 et
1104 3258 1176 3298 cor-

68 3316 239 3403 rigendntt
260 3321 314 3384 atui
327 3323 359 3385 οδ
371 3326 547 3402 στρατιῶται
560 3315 711 3403 ἠγόραζον
720 3317 762 3384 τὰ
777 3318 971 3409 ἐγχρῄζοντα,
993 3326 1046 3388 καὶ
1056 3322 1117 3405 ἤδη
1130 3329 1175 3385 lt-

67 3406 212 3485 λονμένοτ
225 3406 294 3483 περὶ
311 3399 389 3469 αὐτοὶ
404 3408 557 3490 ἐγίνοντο,
579 3420 609 3465 et
622 3404 731 3466 milites
751 3407 883 3468 emebant
906 3408 1093 3471 otheninum
1104 3452 1116 3484 ,
1147 3421 1176 3467 et

66 3488 148 3552 lauti
159 3488 221 3551 illis
235 3488 437 3572 indulgebant.
465 3484 665 3577 Ἐγχρῄζσντα
683 3488 818 3553 Ciceroni
830 3506 864 3553 et
882 3492 991 3553 Tacito
1007 3507 1082 3554 tunt
1095 3506 1178 3553 uten-

68 3574 140 3639 eilia
149 3621 158 3650 ‚
180 3578 284 3657 copiae
296 3578 389 3643 victui
400 3580 591 3638 necessariae.
633 3572 695 3637 sed
710 3575 867 3637 Graecum
883 3577 1075 3639 vocabulum
1090 3574 1177 3659 apud

67 3662 194 3719 nullum
218 3658 437 3725 bonae.notae
458 3660 658 3741 scriptorem'
670 3659 827 3724 inveniat.
844 3708 848 3713 .
870 3660 985 3722 Paullo
1002 3676 1078 3723 ente
1093 3658 1178 3727 παιδ-

67 3739 140 3826 χατδ
157 3736 311 3826 ὀνόματα,
334 3763 402 3805 uon
417 3748 521 3828 inopia
533 3742 630 3807 multo
643 3744 776 3828 inferto,
800 3756 839 3804 nt
852 3748 952 3807 etulte
968 3760 1000 3808 et
1017 3746 1087 3809 eine
1105 3762 1180 3808 oen·

68 3825 174 3888 tentia
189 3830 288 3891 vertit
301 3829 479 3910 interpret,
502 3827 560 3892 ted
577 3828 722 3891 mendicis
735 3832 952 3909 convenientia,
974 3847 1048 3908 aut,
1072 3846 1110 3893 ut
1127 3830 1180 3892 Se·

68 3934 145 3973 neon
162 3912 330 3995 loquitur,
356 3912 448 3975 uerba
466 3912 536 3975 σδσ
588 3936 674 3975 unam
698 3936 819 3976 σανασατ
838 3919 1016 3999 spectantia.
1039 3917 1178 3979 Gnnnv.

69 3993 206 4061 Granio
216 3995 445 4083 oon’gentlnm
466 3997 681 4082 vidntur-moi
696 3994 790 4077 αδτδ,
815 4019 911 4082 qnam
932 4002 1107 4064 lectionem
1132 4020 1181 4061 ae-

10 4166 13 4173 ’
68 4078 518 4173 militabam-''⁶⁸''
538 4080 602 4151 uti
612 4082 751 4149 meloten
762 4084 843 4161 sich,
863 4084 990 4231 segniti
1001 4090 1044 4151 eie
1055 4085 1121 4151 sict
1130 4104 1183 4165 gt·

105 4180 223 4239 hdo·
238 4180 268 4241 r.
420 4188 424 4193 '
947 4191 969 4233 ⁰
1256 4196 1258 4201 '
