2634 4680
180 298 259 369 422
450 310 1017 362 snuorsrrortns

264 456 344 524 Eud.
360 459 382 518 l·
399 463 432 528 4.
458 454 557 525 Odiis
574 450 653 542 node
665 454 761 541 ἔτνος)
781 454 924 519 Erasmus
938 454 974 517 in
989 452 1190 542 proverbio,
1224 456 1285 523 ffl-

181 543 229 609 ίιίί
238 544 281 607 ad
293 566 416 609 aarum
457 545 532 604 Hoc
546 542 624 603 olibi
638 538 863 623 explicuimus.
884 543 996 604 Buon.

265 626 345 689 Eud.
360 633 382 691 1.
396 635 427 696 9.
445 622 486 692 ‘0
500 624 543 711 μὴ
558 627 699 709 τέτταρα)
719 624 827 723 Rogat
843 626 1029 705 Lucinas,
1052 646 1095 689 att
1111 624 1220 691 etism
1233 624 1284 689 itt-

181 711 349 776 veniretur
360 713 495 798 aliquis,
520 712 576 795 qui
591 710 733 787 diceret,
753 707 804 768 bts
819 708 884 772 dno
898 711 1004 773 facere
1017 726 1143 817 septem
1156 714 1215 775 vol
1230 734 1284 773 nn·

182 796 497 881 decim,·respondet
511 793 750 857 Hermotimus:
774 830 812 840 -
834 789 970 877 μαίνοιτ’
984 792 1025 862 ἂν
1049 822 1067 863 o
1092 792 1139 879 tesi
1164 796 1284 879 τίπανι

180 884 358 965 ξυμβαίνειν
371 884 476 967 λέγων.
521 880 614 963 Quae
629 876 723 941 verba
739 875 896 961 interpres
918 880 989 943 sine
1008 883 1078 943 ullo
1093 900 1200 943 sensu
1221 904 1284 945 rer·

181 965 242 1027 tit:
265 964 430 1045 Insaniret,
453 969 505 1050 qui
521 980 650 1049 quotuor
670 985 731 1022 non
752 968 905 1025 convenire
923 963 1040 1027 diceret.
1083 962 1160 1041 Ubi
1177 986 1284 1033 sensu

182 1063 250 1110 estc
274 1048 438 1127 Insaniret‚
461 1053 583 1133 quinon
599 1046 721 1122 diceret,
744 1048 896 1133 easooere
907 1065 1047 1133 quatuor,
1069 1050 1148 1127 vol,
1216 1054 1286 1115 ists·

179 1148 278 1215 garet,
302 1156 337 1193 eo
350 1160 411 1196 esse
422 1149 558 1219 quatuor.
601 1131 652 1192 Ita
667 1125 701 1194 mi
716 1135 894 1215 συμβαίνειν
913 1131 999 1214 apud
1012 1134 1148 1199 Arrian-

181 1218 277 1285 Ater.
292 1218 395 1285 L.,V.
410 1240 436 1283 c.
453 1224 503 1286 19.
521 1210 580 1294 Τό,
601 1240 633 1281 τι
648 1214 777 1299 μέγεθος
793 1213 964 1299 lampetio
979 1211 1056 1302 inip
1075 1218 1172 1287 seim
1188 1244 1287 1305 atqup

180 1299 309 1383 μάλιστα
323 1308 500 1386 συμβαῖνον,
521 1315 723 1381 naturamque
735 1300 911 1380 mirabatur,
933 1324 1008 1401 puae
1019 1318 1084 1365 crat
1097 1326 1200 1387 supra
1209 1308 1287 1391 qttt‘n·

128 1380 134 1393 '
181 1380 240 1469 que'
251 1385 413 1450 admodum
428 1387 551 1449 cubitos.
574 1384 616 1446 1..
632 1383 714 1443 Bos.
757 1383 914 1447 Similiter
934 1386 1018 1446 infra
1034 1407 1105 1469 cap.
1121 1394 1184 1457 67.
1205 1396 1286 1457 utu

180 1472 340 1551 ξυμβαίνει
351 1474 382 1549 ἐξ
395 1463 439 1535 ὦν
452 1466 534 1555 φῄς,
557 1468 615 1531 dac
628 1470 758 1549 cogitur,
780 1473 943 1533 necessario
958 1474 1170 1557 consequitur,
1193 1478 1286 1553 aiis,

180 1577 256 1637 quae
270 1553 356 1617 dicis.
378 1556 501 1615 Lunm.

185 1700 191 1709 ,
263 1638 344 1703 Eud.
359 1643 382 1704 l.
400 1646 450 1709 18.
466 1630 651 1721 Ἠτίίοας)
672 1634 772 1722 Quod
788 1636 892 1701 Stoici
906 1636 942 1699 in
956 1632 1100 1719 uirtute,
1129 1638 1286 1727 Epicurei

178 1720 216 1783 iu
232 1727 400 1803 voluptate
414 1738 553 1806 ponunt.
574 1722 685 1785 Bnon.
1139 1774 1143 1779 .

265 1806 341 1891 Peg.
357 1812 492 1877 54.1.8.
517 1812 611 1873 Φαῖεν
629 1802 688 1892 pio
710 1800 751 1872 do
772 1808 806 1871 ol
819 1800 1027 1892 Ἐπικούρειοι
1046 1800 1070 1891 ἢ
1093 1808 1287 1879 Πλατωνικοί

180 1895 265 1970 σφᾶς
276 1892 329 1972 μὲν
346 1889 640 1971 αὕταξνντιθὲναι,
667 1888 751 1974 ἡμᾶς
767 1892 801 1957 di
820 1893 908 1957 niver
927 1888 951 1974 ἢ
973 1890 1046 1958 {ard
1068 1894 1176 1981 λέγειν
1196 1892 1285 1979 ariri)

184 1975 354 2059 Obsopoeus
366 1975 453 2060 apud
476 1976 676 2041 Basileencer
689 1990 721 2038 et
738 1974 965 2039 Bourdelotius:
973 1976 1114 2063 sonasse
1135 1984 1222 2043 enim
1241 1980 1286 2045 di·

180 2076 277 2123 oerent
288 2060 427 2143 Epicurei
442 2078 494 2123 aut
510 2061 681 2136 Platonici,
703 2076 829 2122 vestrum
850 2062 930 2123 donc
943 2086 1002 2123 esse
1026 2068 1287 2145 compositionem

179 2154 345 2205 no's'autem
360 2148 487 2230 quinque
501 2161 553 2205 aut
568 2160 674 2227 septem
687 2143 745 2206 illa
755 2169 814 2204 esse
829 2144 965 2206 dicimus.
1007 2146 1217 2215 Benedictus:
1242 2150 1286 2213 B·

179 2231 257 2288 ιιιίνι
270 2226 409 2312 Epicurei
423 2229 470 2289 uel
486 2228 640 2290 Platonici
655 2227 750 2289 dicere
762 2245 895 2311 possent,
917 2254 947 2289 se
964 2229 1083 2314 quidem
1096 2234 1148 2293 ita
1163 2256 1285 2317 conspo-

178 2310 263 2390 nere,
293 2335 427 2375 nocuere
449 2315 577 2396 quinque
592 2328 763 2395 autreptem
782 2311 838 2375 illa
853 2338 912 2374 esse
928 2312 1032 2376 dicere.
1075 2314 1118 2391 In
1138 2336 1211 2401 quc
1224 2338 1286 2379 11-

179 2393 304 2456 tatione
323 2394 464 2458 attendit
478 2395 593 2458 merito
617 2396 658 2456 ad
682 2398 796 2456 malem
821 2397 1123 2480 interpretationem
1150 2406 1285 2481 voculas

177 2470 278 2559 dade,
302 2500 384 2562 quae
400 2501 468 2541 non
489 2493 584 2541 notat
604 2504 657 2543 uos
680 2494 737 2540 aut
755 2498 897 2557 vestram,
927 2495 966 2543 ut
987 2481 1069 2543 feeit
1092 2482 1285 2571 Odsopoesst

177 2562 234 2624 sed
250 2567 331 2648 ipsos
344 2569 447 2627 velte.
492 2564 660 2626 Caeterum
682 2568 762 2626 male
779 2564 941 2646 peccavit,
961 2588 1032 2627 cum
1049 2565 1286 2633 Basilee'uslum

174 2643 256 2731 dude
274 2651 430 2728 mutavit,
461 2646 672 2733 praecedente
682 2649 893 2727 Bourdelotio‚
917 2651 952 2710 in
972 2644 1063 2729 ἡμᾶς.
1107 2652 1158 2713 Et
1173 2670 1286 2735 porto,¹

177 2727 257 2816 qnid
275 2747 323 2793 est
337 2732 418 2795 illud
429 2738 481 2796 vel
500 2733 655 2795 Benedicti
674 2759 869 2816 componere‚-
884 2738 936 2795 vel
962 2734 1111 2817 Obsopoei
1130 2738 1288 2823 composi-

175 2818 312 2882 tionem?
332 2821 383 2879 Ita
399 2817 569 2901 adscripsit
583 2833 690 2900 pater,
716 2822 797 2903 ipsos
819 2817 935 2902 quidem
958 2822 1004 2879 ita
1023 2816 1221 2901 computare,
1239 2842 1288 2883 ναι

174 2912 252 2967 aero.
296 2903 351 2964 Sic
373 2903 475 2981 infra,
506 2905 601 2969 εἴκοσι
620 2910 664 2968 rui
684 2904 859 2989 Πυθαγόρᾳ
877 2905 1026 2985 ἐτίθεμεν.
1055 2900 1122 2968 tica
1139 2904 1288 2987 Πλιίτινιι

175 2984 303 3073 rorarii?
319 2988 411 3071 ἕτερα.
435 2986 498 3054 εἶτα
511 2990 578 3095 ἑξῆς
590 2969 654 3071 roi}
667 2983 777 3063 ἅλλοις.
799 2984 881 3053 πόσα
894 2984 924 3054 d'
943 2979 1001 3054 adst
1013 2993 1110 3053 ratitos
1122 2990 1287 3059 conam

175 3095 214 3136 ca
228 3072 427 3151 ἕνκεφαίαίω
444 3074 542 3180 pivotr
573 3068 613 3136 iio
627 3086 688 3136 etc.
713 3074 822 3134 Gnou.
1280 3106 1284 3117 ·

407 3139 414 3160 ί

207 3154 222 3165 ”
261 3156 339 3222 Eud.
355 3161 377 3218 1.
393 3166 425 3224 4.
462 3164 566 3240 Τμᾶς)
589 3156 666 3218 Νοιι
685 3162 753 3217 sola
769 3158 839 3218 Par.
853 3155 950 3219 habet
969 3152 1060 3241 ἡμᾶς.
1101 3158 1189 3223 Ald.
1206 3158 1237 3225 Ι.
1254 3172 1287 3225 ct

174 3238 226 3301 Fr.
240 3240 353 3304 eodem
368 3242 450 3303 vitio
464 3241 622 3303 laborant.
667 3239 730 3302 Sed
742 3241 798 3307 W.
810 3242 852 3308 L.
868 3255 901 3302 et
912 3242 951 3308 Β.
967 3251 997 3310 2.
1011 3254 1098 3305 recte
1110 3238 1208 3327 ὑμᾶς.
1227 3246 1286 3311 So·

176 3345 256 3390 nau.
300 3326 454 3389 Necnon
472 3327 508 3390 B.
527 3334 558 3393 3.
581 3327 699 3388 Leirrn.

258 3410 337 3475 Eud.
354 3415 376 3473 l.
388 3419 418 3477 7.
440 3407 570 3491 Eripere
585 3407 664 3475 eluat
678 3407 822 3491 ἅπαντα)
847 3410 1111 3495 Omniacorporea
1125 3438 1193 3477 esse
1208 3414 1285 3479 Stai-

175 3496 206 3556 c'i
220 3494 331 3571 dicunt.
375 3494 532 3557 Basilides
548 3494 677 3555 Stoicus
695 3507 806 3556 contra
825 3511 983 3577 receptam
1006 3497 1195 3561 Stoicorum
1211 3498 1285 3583 opi·

175 3581 308 3640 nionem
334 3578 545 3642 existimabat.
567 3580 700 3644 Garun.
742 3579 875 3642 Deinde
902 3576 919 3645 ὁ
942 3583 974 3646 δὲ
995 3580 1126 3648 Πλάτων
1143 3586 1282 3667 νομίζει,

175 3676 213 3723 ιιι
227 3664 306 3722 olim
322 3665 525 3747 vulgabatur,
549 3678 679 3725 auctore
694 3661 775 3726 Cod.
792 3669 888 3733 2954.
903 3667 1024 3727 mutavi
1038 3666 1074 3725 in
1096 3700 1141 3715 --
1162 3672 1282 3753 νομίζῃ,

176 3758 367 3831 quamquam
381 3763 414 3808 et
427 3749 484 3809 illa
499 3747 676 3808 declinatio
691 3770 708 3808 a
722 3763 899 3809 structurae
914 3750 1039 3832 legibus
1054 3750 1215 3813 nonnihil
1228 3774 1284 3815 ox·

176 3830 355 3892 curationis
373 3831 499 3894 habeat.
546 3831 643 3914 Quod
659 3847 763 3894 cutem
779 3832 819 3893 ad
844 3831 975 3894 eandem
991 3855 1134 3895 normam
1149 3834 1285 3899 Selinda

176 3912 262 3975 derue
284 3931 377 3977 antea
399 3938 530 4001 quoque
558 3913 677 4001 ἡγῆσθε
696 3938 756 3998 pro
780 3911 905 4001 ἡγεῖσθε
925 3917 1301 4003 reponendumtputat,¹

175 4018 243 4056 non
258 3997 429 4060 admodum
455 4001 576 4083 probo,
600 4002 704 4063 donec
726 4022 910 4083 persuasum
932 4000 1014 4062 mihi
1038 4002 1160 4081 fuerit,
1192 4024 1285 4065 uuo-

177 4102 270 4168 quam
286 4085 418 4148 omnino
433 4081 547 4165 ὁντόταν
564 4108 635 4149 cum
656 4084 842 4149 Indicstivo
862 4086 1049 4149 Praesentis·
1060 4090 1214 4171 junctum
1235 4106 1282 4149 rs·
