2634 4680
241 317 282 365 m
308 310 491 374 Qnouono
518 308 697 358 nrsronrs
723 309 954 365 sircurana.
1069 296 1146 370 673
1183 274 1188 288 ⁸

52 478 87 525 ta
110 475 187 523 sunt
212 460 279 550 ᾔδει
305 460 360 542 μέν
382 484 428 538 τι,
458 462 542 540 juste
562 453 723 538 explenda
743 456 967 539 requirebatur
986 458 1148 542 particula

50 546 110 624 ἂν,
135 568 228 629 quam
244 559 319 627 post
339 538 396 610 cdx
417 541 578 604 excidisse
600 539 715 613 credor
746 543 931 621 praesertim
954 566 1050 627 quum
1073 566 1112 607 ea
1128 568 1149 607 u

53 631 202 714 sequenti
216 629 338 709 syllaba
353 630 450 688 facile
464 625 611 708 potuerit
632 623 813 698 absorberis
840 627 883 688 cf.
903 627 1009 690 simila
1033 649 1149 690 exem-

52 721 142 797 plum
164 715 198 773 in
222 715 367 775 Hermot.
393 733 465 792 cap.
479 717 530 778 29.
545 722 578 771 et
594 729 691 791 quum
711 709 844 790 insuper
859 710 894 768 in
910 712 1053 774 lectione
1067 713 1149 776 (lud.

52 805 148 868 2954.
165 792 224 864 urin
237 797 275 862 ἂν
293 789 327 863 εὖ
341 795 420 856 satis
436 799 518 856 clari
532 793 628 878 hujus
648 792 833 855 omissionis
854 796 992 879 vestigia
1012 818 1150 880 apprre-

52 899 119 948 ant.
142 885 261 945 Lanu.

59 1012 63 1017 .
138 966 217 1030 End.
233 971 254 1028 l.
268 973 298 1032 7.
323 962 533 1047 Νεοττλούτῳ)
556 962 610 1027 Sic
626 983 721 1044 supra
735 960 819 1025 Tim.
835 965 908 1031 σ.“6.
922 976 955 1025 et
969 982 1035 1025 non
1053 971 1151 1029 semel

54 1051 144 1117 alibi.
167 1055 231 1131 (ex
247 1049 408 1112 divisione
424 1048 546 1112 Saloni:
569 1067 665 1130 quare
687 1046 849 1128 suspicor,
871 1050 932 1129 jam
946 1068 1014 1110 esse
1039 1072 1107 1132 cap.
1119 1058 1152 1119 7.

54 1142 108 1198 vel
123 1145 153 1204 8.
173 1133 260 1219 quod
273 1135 452 1216 quaesitum
466 1135 560 1209 irem,
583 1130 611 1192 si
634 1146 716 1192 esset
739 1130 855 1208 tanti.)
876 1131 1006 1195 socru.
1029 1135 1109 1199 ¹Est
1121 1158 1150 1199 ο.

56 1228 87 1289 7,
106 1220 162 1279 ubi
179 1219 218 1280 de
232 1239 312 1280 voce
324 1217 503 1294 νεόπλουτος
517 1216 584 1278 vid.
599 1215 721 1278 Adnot.
742 1216 863 1279 Luam.

140 1303 218 1366 Eud.
234 1307 255 1364 l.
273 1312 322 1370 11.
352 1306 500 1386 Ταρίχου)
522 1305 716 1365 Salsamenta
733 1299 837 1372 enim,
858 1299 909 1362 uti
930 1313 963 1364 et
979 1301 1080 1378 ἔτνος,
1103 1316 1153 1365 te.

56 1389 206 1448 nuiorum
227 1387 326 1454 cibus.
370 1389 466 1449 Unde
485 1384 691 1469 proverbium
714 1389 853 1465 ταρίχους
874 1378 1054 1469 ἀξιώτερον,
1084 1406 1151 1470 quo

56 1494 133 1541 usus
150 1472 367 1556 estAristoph.
387 1474 423 1534 iu
444 1471 571 1554 Vespis.
614 1468 698 1533 Vide
718 1470 814 1532 ctiam
838 1470 984 1554 liseuplrr.
1002 1470 1098 1534 Char.
1119 1497 1151 1538 m

56 1552 225 1642 σῖγροικίας.
248 1557 376 1623 ὅσων.

141 1643 385 1723 Pag.191.l.3.
409 1642 570 1723 Πρίσκον)
592 1639 716 1719 Bellum
734 1637 790 1699 hic
805 1638 842 1700 in
863 1639 1017 1702 Armenia
1037 1640 1153 1724 gessit3

58 1724 151 1806 quud
164 1728 265 1807 captis
277 1726 315 1787 ab
329 1748 368 1788 eo
376 1728 539 1788 Artaxatis
552 1746 601 1785 an.
611 1722 730 1787 Christ.
746 1729 817 1791 164.
831 1725 1014 1786 confectum
1029 1738 1089 1788 est.
1111 1725 1153 1791 V.

60 1810 187 1894 Capitol.
205 1811 238 1870 iu
254 1812 305 1874 M.
321 1811 456 1873 Aurelio
473 1832 501 1873 c.
516 1817 546 1879 8.
562 1810 682 1872 Statius
696 1808 832 1871 Priscus.
856 1810 983 1875 sorau.
1154 1814 1158 1833 '

143 1910 224 1972 Ibid.
243 1906 335 1976 Ἑαττᾶ
346 1913 396 1976 καὶ
411 1905 508 1982 dard)
530 1910 626 1993 Augl.
641 1910 744 1973 εἴκοσι.
764 1909 900 1972 Bonan.
938 1906 1035 1976 Ἑπτὰ
1047 1909 1099 1975 καὶ
1115 1911 1156 1976 el'·
1175 1976 1178 1987 ,

58 2017 129 2061 scos
141 1997 178 2058 A.
197 1996 236 2055 G.
252 1997 301 2058 M.
319 1997 354 2061 P.
369 2010 401 2057 et
416 1996 456 2060 L.
500 1996 540 2057 In
556 1993 716 2074 impressis
738 1995 887 2055 omnibus
911 2016 971 2079 pro
994 1999 1090 2061 εἴκοσι
1105 1998 1156 2057 le-

61 2079 195 2163 gebatur
207 2072 293 2144 ὀντῶ.
316 2080 442 2142 Sormn.
485 2076 694 2142 Mendacium
708 2076 772 2138 hoc
787 2092 851 2140 tam
864 2079 1009 2162 ineptum
1026 2095 1092 2157 est,
1114 2094 1154 2141 ut

60 2164 101 2224 ad
115 2165 209 2224 aliam
237 2164 536 2246 interpretationem
559 2163 655 2224 facile
675 2161 793 2245 aliquis
816 2162 933 2224 adduci
953 2166 1067 2245 possit.
1112 2165 1155 2226 In

59 2263 197 2310 mentem
211 2249 322 2309 venire
336 2263 461 2330 potest,
484 2270 550 2310 non
564 2246 641 2308 lidci
655 2244 709 2308 sed
722 2248 876 2308 sermonis
892 2247 927 2307 id
941 2250 1057 2311 vitium
1072 2250 1156 2310 fuis-

59 2355 110 2409 se,
134 2348 172 2392 nt
185 2334 280 2393 etiam
297 2332 498 2398 antecedens.
542 2332 625 2393 Nam
642 2333 669 2392 si
686 2329 733 2391 ibi
748 2331 788 2391 ad
801 2329 922 2412 adcisa,
947 2333 1034 2416 quod
1049 2356 1090 2396 ex
1106 2335 1156 2395 ata

61 2418 239 2479 sectatione
256 2418 362 2500 aliqua
379 2416 454 2478 addi
469 2418 595 2502 potuit,
619 2436 685 2475 non
699 2416 907 2497 respiciatur;
931 2417 985 2480 hic
1001 2438 1079 2480 vero
1095 2416 1155 2480 rd.

63 2502 180 2561 dantur
200 2502 417 2584 cogitatione,
443 2504 500 2585 qui
516 2501 716 2583 imperatoris
729 2521 785 2560 sen
800 2499 890 2563 ducis
903 2506 1026 2582 jussum
1043 2524 1155 2587 seque·

63 2586 197 2666 bantur,
218 2587 355 2645 militum
372 2602 506 2646 conatus
527 2599 559 2646 et
574 2586 731 2667 impetnss
753 2585 851 2645 facile
865 2587 944 2646 facti
959 2589 1044 2648 ratic
1058 2608 1159 2670 eppa·

63 2669 158 2730 rebit.
203 2669 275 2730 Tali
291 2668 387 2728 modo
402 2671 512 2750 inepta
525 2685 607 2731 esset
622 2668 794 2746 descriptio
814 2671 985 2732 celeritatis
1000 2670 1157 2734 victoriae

64 2766 254 2834 reportatae.
300 2751 362 2813 Sed
390 2752 453 2814 hoc
472 2751 747 2831 interpretationis
772 2752 962 2814 beneficium
992 2754 1047 2814 hic
1073 2760 1156 2816 male

67 2841 289 2897 collocaretur.
308 2856 381 2895 nam
398 2858 495 2918 quum
507 2837 635 2896 XXVII
644 2849 767 2894 tantum
781 2840 916 2897 clamore
927 2843 997 2899 solo
1010 2852 1156 2900 mortuos

66 2943 133 2982 esse
149 2918 249 2995 dicat,
274 2941 434 2981 caesorum
450 2942 616 2982 numerum
631 2941 707 2982 vero
729 2934 840 3001 postea
855 2923 1023 3001 separatim
1043 2922 1156 2986 addatr

67 3005 106 3067 ab
122 3006 255 3086 ineptiis
270 3006 341 3065 istis
355 3007 413 3065 vix
427 3019 534 3087 potest
549 3005 678 3067 liberari
694 3004 834 3087 scriptor
845 3004 984 3088 ineptus.
1009 3006 1101 3072 Rnn.

150 3122 227 3191 Eud.
240 3127 261 3184 l.
278 3129 309 3192 4·
333 3119 520 3207 Ἔξὲθανον)
547 3125 666 3186 Procul
686 3121 785 3185 dubio
808 3138 894 3187 recta
915 3124 981 3192 Ms.
1005 3126 1103 3211 Angl.
1124 3138 1159 3189 et

67 3224 190 3288 noster,
212 3212 264 3274 uui
279 3204 319 3284 ὦς
334 3206 540 3294 ἐμβοήσαντος
552 3209 648 3293 μόνον
662 3212 802 3291 Πρίσκου
813 3218 869 3274 τοῦ
882 3208 1062 3295 στρατηγοῦ,
1083 3208 1158 3277 iord

66 3298 118 3361 aul
133 3297 223 3359 εἴκοσι
237 3301 297 3358 τοῖν
312 3300 463 3376 πολεμίων
479 3288 655 3374 ἇτέθανον,
678 3308 749 3372 aut,
772 3309 811 3355 ut
824 3316 912 3358 meus
925 3294 1026 3372 liber,
1051 3296 1160 3373 ἐξέθα-

66 3405 132 3446 νον.
154 3380 208 3440 Sic
221 3401 297 3439 mox
311 3378 408 3442 iidem
425 3379 561 3443 Codices
578 3375 729 3461 Κρόνιον,
749 3400 817 3440 non
832 3377 965 3459 Κρόνον.
992 3376 1055 3440 1110'
1071 3376 1157 3441 enim
1195 3420 1200 3427 -

67 3464 244 3544 exprimere
259 3465 378 3533 Graece
392 3465 501 3527 voluit
519 3464 721 3527 Saturninum.
766 3458 889 3548 Κρόνος
908 3463 992 3525 anim
1012 3484 1077 3524 non
1092 3462 1164 3527 Sne

67 3552 219 3622 turstinus,
252 3549 308 3611 sed
332 3549 484 3611 Saturnus.
509 3551 643 3611 ὕων.
684 3546 850 3627 Ἐξίθανον
867 3564 993 3633 praeter
1012 3548 1078 3615 Mo.
1102 3546 1159 3616 Gr.

67 3634 163 3695 etiam
175 3634 225 3695 M.
246 3634 286 3694 In
298 3632 431 3717 reliquis
444 3629 610 3701 αἷττὲθανον.
633 3634 759 3701 ὅσω.

150 3750 228 3818 Eud.
239 3755 261 3814 l.
277 3757 308 3821 6.
327 3747 494 3836 Ἀρχόντων
507 3754 696 3831 ἐπιστολαῖς)
717 3751 805 3835 Quas
819 3749 971 3834 epistolas
987 3750 1158 3837 intelliget,

66 3833 157 3897 hand
179 3836 275 3898 facile
297 3834 425 3901 dixerit.
468 3836 531 3901 Sed
552 3852 619 3901 tum
641 3860 681 3900 ex
692 3837 801 3919 phrasi
821 3843 881 3902 cciv
893 3833 1066 3919 ἆρχονταν,
1089 3851 1160 3899 tum

69 3916 287 4003 uitiatoris,
311 3942 393 4005 qnae
413 3937 585 3998 memorat,
613 3923 754 3983 Lucium
777 3921 912 3997 Verum,
940 3921 1017 3982 dum
1039 3921 1159 3984 bellum

68 4000 353 4087 illudgmltrtur,
376 4006 496 4070 sedisse
520 4005 730 4085 Antiochiae,
758 4008 902 4088 proclive
925 4021 974 4067 est
1002 4005 1160 4088 suspicari

10 4156 47 4203 ··.
67 4082 350 4197 &wmi
363 4090 515 4159 escassii
531 4092 571 4155 sd
585 4092 813 4177 Imperatorem
821 4092 873 4171 J..
895 4092 1013 4159 Varum
1034 4089 1159 4153 intelli«
