2634 4680
245 310 286 360 ru
312 306 493 371 ouonouo
519 306 702 359 nrsroasa
727 306 788 388 srp
814 307 963 361 cousca.
1081 292 1161 371 635

14 504 18 515 .
50 456 156 520 minis
172 469 381 536 potestatem,
405 453 534 519 disertis
549 453 654 516 verhis
670 466 848 518 testautors
868 454 924 515 hio
936 455 1089 535 xxxvl,
1107 468 1159 530 12.

56 544 115 607 ille
133 543 240 604 XVII.
257 562 328 627 pag.
342 547 416 609 791.
436 541 483 602 D.
527 537 632 614 Vide,
655 537 685 598 si
700 539 810 611 lubet,
833 538 876 604 Is.
893 540 931 601 V
926 564 982 603 oss.
995 541 1034 602 ad
1051 544 1159 629 Pomp.

56 626 178 693 Melam
198 626 252 703 ΙΙ,
274 633 305 696 7,
328 640 361 687 et
382 624 516 687 Lucioni
538 623 641 686 Sedol.
668 621 707 682 ad
730 623 864 690 Icarum.
880 644 935 687 no.
949 634 1001 695 48.
1031 629 1160 699 Sonare.

58 713 176 773 Utrum
195 733 268 772 vera
290 710 334 771 sit
349 709 428 771 laneo
445 710 608 785 narratio,
641 729 707 768 non
722 705 842 790 liquets
864 728 1062 792 pugnavero
1077 714 1162 791 mihi
1231 742 1236 751 ·
1267 774 1272 787 ,

57 813 144 858 certa
161 817 228 857 uon
251 793 381 856 videtur
398 793 517 855 adesse.
540 794 633 856 Rura.
683 790 868 855 Wieloadius
891 809 1002 855 contra
1025 818 1083 876 pro
1101 800 1163 859 'fa-

56 881 133 941 bula
148 879 221 959 licta
232 877 347 940 habere
364 876 592 953 noudubitat,
621 876 700 938 licet
723 895 818 936 secus
838 891 1001 942 statuente
1016 881 1110 953 Beris.
1126 882 1163 955 de

55 965 266 1051 Montfouoon
286 963 434 1023 Dissert.
447 982 501 1022 sur
517 965 548 1024 le
566 959 670 1022 Phara
689 958 720 1021 d’
728 961 925 1023 Alexandria
940 976 1001 1028 etc.
1029 965 1065 1027 in
1085 968 1163 1030 Me·

56 1050 176 1111 moires
193 1047 232 1109 de
246 1047 268 1107 1'
277 1045 376 1107 Acad.
394 1045 449 1127 des
465 1046 567 1107 lusor.
587 1045 652 1123 v1,
667 1051 740 1115 576.
754 1064 799 1130 sq.
821 1046 943 1111 Lanu.

143 1130 220 1193 Eod.
244 1135 265 1192 l.
282 1140 313 1201 8.
347 1136 424 1197 Τοῦ
443 1127 528 1197 cist
549 1124 853 1214 βασιλεύοντος]
881 1129 961 1194 Plin.
981 1134 1005 1195 1.
1028 1136 1051 1195 l.
1075 1136 1161 1211 (vid.
1193 1184 1196 1189 .

60 1217 171 1282 Solom'
185 1230 293 1277 notam
310 1215 528 1297 superiorem)
551 1214 699 1276 nominat
713 1215 942 1277 Ptolemaeum.
976 1214 1037 1278 Sed
1053 1218 1162 1284 Schol-

57 1303 121 1391 (ad
135 1303 268 1362 Icarum.
282 1322 310 1361 c.
327 1299 401 1386 12.)
416 1300 633 1362 Alexandrum
647 1296 873 1379 Macedonem.
896 1299 999 1369 Bur).-

144 1384 223 1447 Εαῑῖ·
236 1389 257 1450 Ι.
273 1392 303 1453 6·
330 1392 421 1460 Θεοῖς.
431 1388 601 1466 σωτῆρσιν)
632 1382 834 1446 Ptolemaeum
854 1400 882 1444 et
894 1384 1053 1448 Berenicen
1068 1386 1165 1451 intel·

57 1473 169 1556 ligurit
192 1470 257 1530 viri
280 1469 368 1532 docti
384 1469 464 1533 bena
478 1471 584 1533 multi.
629 1468 773 1530 Consule
788 1467 899 1550 Spunlr.
913 1476 988 1539 415.
1018 1470 1163 1535 Eandem

59 1554 308 1638 inscriptionem
324 1553 421 1616 hahet
435 1554 543 1616 Strodo
554 1558 577 1616 l.
594 1573 622 1614 c.
645 1550 772 1614 So'nsu.
785 1553 898 1614 'Immo
914 1554 1061 1640 intellige
1075 1557 1165 1641 Nep7

58 1656 194 1716 tunum,
218 1639 383 1701 Castorem
407 1654 440 1701 et
462 1640 626 1700 Pollucem
644 1638 792 1721 aliosque
807 1636 1034 1722 novigentium
1055 1656 1163 1724 patro·

60 1747 131 1788 nos.
176 1726 228 1789 Cf.
248 1724 363 1808 Sparsis.
383 1730 504 1805 p.416.
526 1725 620 1786 Rura.
1119 1772 1122 1777 -

144 1808 223 1871 Eod.
238 1812 260 1874 l.
277 1816 308 1877 8·
330 1803 406 1874 'alli'
427 1812 470 1884 εἰς
490 1806 544 1874 τόν
562 1814 638 1888 νῦν,
659 1807 713 1872 καὶ
726 1801 781 1872 τᾶν
794 1810 853 1874 νῦν
864 1807 917 1875 cul
929 1803 984 1879 viv
997 1803 1064 1891 ist)
1082 1806 1166 1899 isit}

61 1891 170 1970 εῖςτὸν
186 1901 262 1970 νῦν,
286 1895 336 1958 καὶ
349 1891 403 1958 τὸν
415 1893 526 1959 ἔπειτα.
543 1918 574 1958 a.
589 1918 615 1958 τ.
633 1887 662 1957 d.
684 1893 844 1958 Marcu..
884 1966 888 1971 Ι

146 1980 222 2062 Pag.
236 1985 310 2045 228.
324 1981 348 2038 l.
367 1985 395 2047 i·
420 1975 603 2044 Kssdisosct
623 1970 744 2053 ὅλίθος
765 1978 797 2055 la
813 1975 960 2066 Kouvip)
982 1976 1166 2059 Ktxdltasut

61 2058 189 2138 ittam.
232 2062 349 2124 Refert
360 2060 400 2123 ad
417 2060 541 2125 dolium
556 2062 731 2146 Diogenis.
751 2062 914 2137 Mnacrr..
1161 2078 1164 2084 '

144 2134 224 2214 Ibi'd.
247 2144 374 2232 Πίθος)
401 2147 453 2210 Sic
466 2147 601 2210 omniuo
616 2145 787 2230 legendum
806 2168 877 2208 cum
892 2149 944 2209 M.
959 2160 993 2211 et
1008 2146 1166 2212 editionis

61 2231 122 2295 hus
138 2232 319 2293 nonnullis.
365 2232 405 2293 In
417 2233 459 2294 L.
471 2247 505 2295 et
517 2232 591 2297 aliis
608 2236 716 2308 λίθος,
739 2251 847 2313 prave.
892 2230 969 2296 Vid.
984 2253 1081 2318 supra
1095 2244 1164 2307 ms.

60 2318 102 2380 ad
120 2339 214 2403 quam
232 2315 402 2380 historiam
421 2315 547 2395 alludit.
571 2318 697 2381 Sosis.
919 2338 922 2343 ·
1163 2396 1167 2405 ι

146 2401 259 2472 Euat.
272 2411 303 2475 2.
327 2405 480 2490 Kouvip)
505 2394 661 2466 Lucinam
667 2447 678 2478 ,
707 2413 878 2486 praecepta
897 2397 1055 2468 historica
1077 2410 1166 2477 clau,-

62 2485 156 2564 dens,
179 2488 244 2565 ait,
268 2509 301 2550 se
316 2486 502 2552 exhibuisse
516 2508 659 2549 normam
671 2502 704 2548 et
715 2486 865 2548 amussim
878 2488 982 2569 justae
996 2487 1164 2575 historiae,

62 2593 159 2720 tlt:
173 2569 589 2717 tillidi-llicit:
598 2591 718 2715 :titt
738 2569 932 2717 iiiiii
946 2574 1169 2723 iiiiii?-

64 2740 122 2799 nio
137 2738 259 2803 dolium
276 2741 329 2822 (el
343 2740 375 2804 dl
388 2677 450 2819 ulii,
471 2705 646 2806 uindicatus
661 2734 678 2804 d
693 2705 788 2814 scidae
801 2737 835 2804 iv
851 2743 1008 2827 Kou‘vips).
1037 2742 1168 2811 Anulis

63 2825 173 2885 Noster
187 2821 227 2885 ad
245 2821 298 2900 id,
322 2822 410 2906 quod
426 2844 523 2908 supra
537 2845 565 2889 c.
578 2832 610 2895 3.
626 2821 665 2884 de
677 2823 828 2907 Diogene
844 2822 921 2883 satis
935 2823 1043 2907 lepide
1059 2832 1167 2891 narra·

63 2920 172 2981 varat;
195 2907 346 2971 nimirum
361 2929 400 2969 eo
414 2922 576 2991 tempore,
599 2928 663 2992 quo
683 2907 856 2988 Philippus
879 2906 1022 2971 Macedo
1045 2909 1168 2977 dicere.

65 3007 120 3054 tur
137 2991 332 3055 Corinthum
349 2993 536 3069 invasurus,
559 2991 653 3055 valde
672 2992 817 3053 turbatos
835 2991 938 3053 fnisse
957 2993 1167 3077 Corinthios,
1199 3016 1202 3023 ·

67 3091 102 3138 et
119 3075 158 3136 ad
175 3098 257 3159 opus
273 3100 307 3143 se
328 3078 526 3158 accinxisse3
548 3078 631 3140 alius
647 3075 734 3138 aliud
747 3096 894 3159 parasse;
917 3075 1005 3141 huno
1019 3080 1169 3161 srma'fa·

66 3160 224 3223 brioatum
253 3184 340 3242 esse;
377 3163 469 3224 illum
491 3162 616 3245 lapides
641 3161 806 3236 attulisses
842 3160 1002 3226 neminem
1025 3164 1168 3251 denique

65 3245 168 3307 fuisse
193 3248 346 3311 otiosum.
392 3246 468 3331 Quo
490 3248 579 3327 viso,
609 3247 823 3347 Diogenem&
846 3267 917 3311 oum
942 3247 1046 3348 nihil¹
1076 3248 1168 3337 quod

63 3329 1168 3498 itii:iltl‘52ii.25.⁰,illitiitlslttlitllls'tilt

64 3498 206 3580 dolium,
228 3501 544 3586 interrogatumque,
568 3501 649 3587 quid
666 3501 860 3586 inungeret,
882 3501 1169 3582 respondissent

64 3605 214 3668 quoque,
245 3591 398 3649 nescius
424 3585 508 3650 inter
531 3599 583 3649 tot
606 3585 788 3648 laborantes
814 3599 996 3647 cerneretur
1022 3589 1166 3669 otiosus,

64 3672 215 3730 volutare
237 3689 329 3730 snum
351 3669 485 3741 dolium.
528 3670 570 3736 Id
591 3692 669 3755 ergo
684 3675 756 3733 vult
770 3666 835 3731 hoc
852 3668 886 3729 in
901 3672 975 3731 loco
992 3669 1168 3745 Luciouasi

66 3772 174 3814 omnes
189 3752 250 3814 hac
267 3768 473 3836 tempestate,
494 3769 666 3839 tantopere
680 3752 873 3842 πολυφώνῳ,
896 3752 1021 3835 aliquid
1036 3755 1169 3835 histori-

65 3835 98 3894 ci
116 3837 345 3902 lucubrantur:
370 3860 430 3924 ego
447 3862 548 3918 vero,
570 3862 611 3903 ao
624 3844 712 3901 solus
733 3839 818 3902 nihil
839 3837 929 3900 dicar
949 3839 1082 3922 iecisse,
1111 3828 1170 3903 hil

67 3922 180 3981 storici
197 3937 302 4004 partes
319 3938 504 4008 persecutus
522 3946 611 3989 sums
635 3927 663 3985 si
680 3921 718 3984 sd
734 3923 871 3985 aliorum
885 3921 923 3985 id
943 3923 1051 3989 fecero
1070 3924 1170 3989 utili-0
1219 3946 1227 3965 ²

67 4017 182 4086 tatem,
217 4028 332 4089 operae
350 4008 521 4071 habiturus
541 4032 612 4071 sum
632 4006 793 4092 pretium
824 4006 894 4087 sin,
923 4026 994 4071 uum
1016 4009 1169 4111 Diopane

67 4088 196 4176 aliquid
208 4094 319 4157 saltam
332 4115 437 4185 egero.
481 4094 651 4161 Caeterum
663 4091 829 4179 Granium,
851 4092 888 4157 in
902 4112 969 4182 quo
980 4094 1168 4185 Diogenem
