2634 4680
290 311 896 374 rn'nnnnonrunu.
1067 303 1144 379 505

140 471 214 551 pag,
233 474 302 535 143,
321 470 342 525 l.
358 475 388 535 3.
408 471 482 546 1119
496 466 654 549 Φρυγίου)
677 463 869 540 Medorum,
892 486 949 527 seu
964 488 1144 546 nonnosum,

52 556 136 617 ratio
161 550 439 613 circumscribitur.
482 549 626 631 Phrygio
650 548 767 608 tribuit
787 546 821 614 td
844 552 969 628 ἔνθεον,
992 554 1147 644 (Lydio)

54 638 282 703 Bacchauolem
305 634 488 707 licentiam,
511 633 636 693 Dorico
656 633 874 711 severitatem,
896 636 1014 698 Ionico
1029 643 1149 720 jncun-

56 725 198 796 ditarem,
207 716 309 803 Apul.
323 717 380 778 lib.
391 727 418 784 1.
437 715 559 778 Florid.
569 715 648 777 Plut.
667 732 699 777 ct
712 716 817 799 Boiith.
833 719 868 778 iu
881 720 1019 787 Musica.
1039 722 1150 785 Coos«.

56 811 140 869 Sunt
156 802 373 865 Harmonidae
391 816 529 884 quatuor
547 804 650 860 solum
674 800 812 866 musicae
832 802 920 864 modi
943 805 1156 890 principales,¹

55 891 236 972 Phrygius,
258 886 404 967 Lydius,
428 885 552 946 Durius
574 885 768 945 etIonicns:
791 908 862 947 cnm
881 901 1011 966 temen,
1038 893 1096 973 qui
1110 890 1150 953 de

54 976 176 1035 musice
192 973 405 1053 scripserunt,
429 970 570 1053 quinque
591 968 807 1047 constituent,
832 970 987 1034 addentes
1006 974 1057 1035 bis
1073 997 1152 1058 qus-

57 1074 133 1119 tuor
150 1056 306 1131 Aeolium,
330 1068 367 1114 ut
380 1055 470 1117 Plato
484 1062 514 1122 8.
534 1051 574 1112 de
587 1053 670 1136 Rep.
695 1054 804 1117 Athen.
829 1055 886 1116 lib.
904 1062 953 1123 14.
980 1055 1149 1122 Gmsiodor.

55 1144 161 1224 Epist.
176 1148 227 1207 40.
244 1140 299 1200 lib.
313 1147 344 1206 2.
359 1155 391 1200 ot
411 1138 484 1200 libr.
499 1136 540 1198 de
554 1137 674 1198 Music.
717 1138 791 1199 Nisi
805 1140 863 1200 snb
877 1139 986 1202 Dorio
1000 1143 1150 1204 Aeolium
1250 1132 1254 1139 ¹

56 1229 222 1288 involvat:
244 1224 322 1286 haec
337 1225 421 1284 enim
441 1223 506 1282 duo
524 1242 616 1303 saepe
638 1222 900 1302 confunduntur,
924 1239 962 1313 ut
977 1223 1011 1284 in
1028 1226 1152 1288 Pindo-

57 1338 106 1386 rn,
132 1310 189 1393 qui
204 1331 272 1370 cum
288 1309 411 1369 Dorico
434 1306 601 1383 scriberet,
623 1309 754 1367 vocavit
775 1329 895 1369 mnsam
918 1330 1007 1369 suom
1022 1314 1152 1376 Αἰολίδα

56 1393 183 1476 μολπήν.
228 1395 379 1478 designat
396 1407 500 1455 nutem
515 1399 559 1477 cpi
578 1396 700 1475 Φρυγίῳ
719 1389 752 1455 td
770 1394 895 1458 ἔνθεον·
918 1393 975 1453 ubi
998 1399 1080 1455 male
1095 1397 1153 1454 iu-

59 1496 180 1559 terpres
196 1478 307 1562 Obsop.
322 1481 496 1539 attonitum:
518 1476 625 1537 voluit
640 1478 724 1535 enim
741 1477 957 1540 Hermonides
972 1478 1150 1562 religiosum,

59 1581 95 1623 ut
110 1577 199 1645 patet
213 1565 294 1623 locis
310 1564 398 1624 citet.
422 1577 455 1623 et
472 1559 729 1643 spu'dApnlejnm
747 1561 819 1629 libr,
836 1560 1001 1633 1,Florid.
1034 1565 1097 1624 Sed
1113 1564 1154 1626 de
1260 1594 1263 1603 ·

58 1662 208 1708 tonorum
232 1647 543 1728 istorum-qualitate
570 1665 679 1706 omnes
700 1646 755 1704 isti
779 1647 846 1707 fere
867 1647 951 1708 inter
973 1667 1007 1707 se
1028 1647 1155 1709 disten·
1186 1696 1190 1705 ,

58 1734 164 1794 tiunt:
187 1731 302 1792 tribuit
317 1732 413 1791 Ionio
433 1728 467 1794 τὸ
483 1724 649 1814 γλαφυρόν.
694 1730 853 1810 Interpres
865 1733 1059 1794 suavitatem.-
1080 1753 1155 1794 ver·

57 1815 190 1876 tendum
213 1830 281 1877 erat
303 1819 436 1891 νανίιιοι,
459 1831 494 1874 ut
517 1812 603 1894 spud
626 1812 786 1896 Apuleium
807 1818 869 1876 loc.
887 1815 942 1876 cit.
988 1815 1041 1876 Sic
1061 1837 1154 1898 saepe

59 1899 145 1981 apud
161 1899 283 1960 Homer.
301 1897 476 1984 γλαφυρὸν,
500 1920 559 1980 pro
578 1917 634 1975 eo,
659 1896 745 1977 qnod
766 1902 884 1959 multos
907 1920 1049 1960 recessus
1067 1905 1155 1962 mul-

62 2000 176 2066 tasque
190 1983 325 2045 latebras
340 1982 445 2049 habet,
466 1985 598 2051 Bouuu.
643 1980 709 2062 Qui
725 1982 901 2060 pleniorem
917 1981 956 2044 de
966 1983 1071 2042 modis
1088 2006 1154 2043 mu·

61 2069 138 2127 sicis
156 2067 258 2127 ideam
275 2066 451 2144 desideret,
474 2066 566 2127 adest
582 2064 688 2128 Claud.
705 2065 867 2127 Ptolemaei
885 2068 1156 2127 Hermonicornm

60 2153 178 2230 libros,
210 2173 343 2236 qnorum
363 2150 478 2211 bellam
500 2151 593 2210 nubis
617 2149 793 2210 editionem
819 2151 950 2234 reliquit
973 2151 1020 2212 Jo.
1048 2148 1157 2213 Wallts

63 2237 172 2299 Oxon.
193 2236 351 2297 etheitro
369 2234 607 2298 Scheldoniano
632 2255 681 2293 sn.
700 2241 791 2302 1682.
835 2235 950 2318 Ibique
968 2236 1002 2294 iu
1021 2238 1159 2315 Appen·

63 2321 134 2382 dice
146 2336 286 2384 veterum
297 2321 522 2380 Harmonicsm
539 2317 578 2378 sd
596 2317 782 2378 hodiernum
794 2334 1016 2398 comparatam.
1030 2321 1154 2380 Rnrrz.
1257 2334 1267 2347 ··

64 2408 97 2465 V
97 2412 192 2466 arium
198 2452 208 2481 ,
232 2404 318 2489 qnod
334 2404 543 2466 Bourdclotius
560 2403 682 2481 maluit,
707 2424 800 2485 quam
813 2409 997 2482 suavitatem,
1020 2425 1087 2464 nou
1103 2425 1159 2465 re-

60 2490 198 2570 spondet
215 2486 361 2570 proxime
377 2491 451 2550 vooi
465 2486 639 2573 γλαφυρόν,
662 2489 723 2549 etsi
738 2486 820 2548 illud
835 2488 873 2548 nb
886 2489 957 2569 ipsu
973 2509 1006 2549 re
1020 2510 1086 2551 non
1103 2487 1157 2548 sd·

61 2574 190 2633 modum
214 2573 372 2634 abhorret.
420 2574 554 2633 Rectius
579 2572 746 2655 Obsopoeus
765 2586 800 2631 et
824 2571 967 2634 Gesnerus
988 2571 1157 2654 proprium

61 2680 154 2715 usum
170 2672 352 2719 tennerunt.
396 2656 470 2715 Vid.
486 2658 587 2716 Disll.
610 2658 709 2720 Deor.
732 2656 812 2733 XX,
837 2665 887 2722 11.
911 2657 1069 2740 γλαφυρὸν
1090 2680 1159 2738 μοι·

63 2749 150 2827 διᾷν,
172 2757 205 2803 et
222 2739 390 2830 Demosth.
403 2742 537 2806 Encom.
553 2761 581 2800 o.
596 2747 626 2807 6.
645 2744 750 2804 αἰτῶν
768 2745 949 2824 παραβολῶν
968 2738 1160 2825 γλαφυρότη.

65 2853 121 2901 τες.
144 2828 263 2886 Lentu.
754 2870 757 2874 -
822 2877 826 2883 .

151 2910 227 2973 End.
243 2914 265 2969 l.
280 2917 329 2976 18.
355 2902 715 2990 Νικήσας-ὁμώνυμόν
733 2911 802 2986 σοι)
824 2908 1049 2986 Harmonides,
1067 2913 1159 2992 cujus

65 2996 198 3055 nomine
223 2994 310 3053 huuc
333 2994 475 3054 libellum
504 2992 676 3078 insignivit
694 2994 881 3066 Lucienus,
905 2995 989 3075 petit
1010 3016 1028 3054 a
1050 2994 1160 3055 Timo·

66 3081 142 3139 theo
157 3081 309 3162 magistro
328 3098 403 3155 suo,
428 3077 532 3158 quise
548 3079 643 3137 tibias
661 3075 771 3139 infl'nre
788 3077 957 3156 docuerat,
981 3066 1018 3138 ui
1032 3101 1066 3140 se
1080 3099 1160 3161 qno-

67 3185 145 3244 que,
172 3162 434 3243 quemadmodum
460 3163 591 3245 glorium
612 3162 674 3221 sibi
692 3179 870 3244 comperet,
894 3163 1023 3239 doceat,
1049 3183 1113 3246 quo
1126 3175 1161 3223 et

67 3251 136 3329 ipse
159 3248 261 3332 digito
284 3252 475 3308 monstretur
499 3248 786 3327 praetereuntium:
816 3247 928 3331 ὥςπερ,
960 3249 1083 3332 inquit,
1110 3241 1187 3312 ὅτι·

67 3336 118 3398 καὶ
133 3330 185 3412 σύ,
205 3327 230 3397 oi
247 3331 390 3412 Τιμόθεε,
413 3340 570 3413 concursu
585 3330 684 3397 ibdoiu
698 3336 822 3397 οίιιοθεν
836 3337 869 3398 ἐκ
878 3337 1039 3408 Βοιωτίας,
1063 3325 1161 3412 ὖιιιμί·
1262 3336 1265 3342 ’

69 3428 163 3499 λησας
180 3425 217 3505 τῇ
233 3423 428 3492 Πανδιονίδι,
453 3420 503 3481 καί
522 3416 652 3499 νικήσας
664 3421 697 3482 ἐν
712 3424 755 3502 τῷ
768 3422 876 3483 Αἴαντι
887 3427 930 3502 τῷ
944 3421 1083 3500 ἐμμανεῖ,
1106 3421 1173 3487 τοῦ,

69 3500 233 3584 ὁμώνυμόν
252 3523 300 3568 σοι
322 3500 507 3584 ποιήσαντος
521 3501 554 3568 td
570 3505 671 3584 μέλος,
695 3498 794 3578 οὐδεὶς
807 3497 862 3584 ἦν.
885 3503 920 3579 ὃς
930 3498 1034 3586 ἠγνόει
1049 3497 1162 3566 τοῦνο·

70 3616 127 3671 μα,
156 3586 308 3668 Τιμόθεον
327 3590 360 3652 ἐκ
385 3593 503 3670 Θηβῶν.
548 3589 583 3650 si
600 3588 678 3649 haec
701 3602 820 3650 attente
844 3588 1078 3670 inspicientur,
1100 3605 1163 3666 ps·

69 3689 132 3747 tet,
165 3674 229 3733 nisi
251 3674 362 3746 fallor,
393 3670 595 3732 scribendum
618 3675 766 3751 ἐνίκησας.
810 3673 894 3734 Sicut
917 3697 985 3734 cum
1008 3674 1160 3744 etiamne,

72 3760 239 3833 Timo.²rec,
271 3762 397 3840 primum
420 3781 460 3817 cnr
483 3758 584 3839 patrio
609 3757 733 3818 Boeotia
754 3781 899 3839 egressus,
930 3757 1011 3817 tibiis
1033 3755 1164 3817 cecinisti
1193 3756 1196 3763 ’

72 3843 273 3920 Ραηιίὶοιιίιίε,
296 3859 321 3902 et
336 3847 465 3925 superior·
471 3843 566 3926 fuisti
582 3847 613 3902 in
624 3843 849 3928 Ajacefntunte
863 3859 921 3902 etc.
946 3841 1112 3903 Caeterum
1127 3838 1164 3897 in

73 3927 177 3986 verbis
199 3929 422 4008 sequentibus,
448 3925 534 4006 qnod
555 3926 717 3988 Marcilius
742 3948 799 4006 pro
826 3923 989 4010 ὁμώνυμόν
1013 3946 1062 3989 σοι
1082 3920 1165 4007 legit

75 4006 239 4093 ὁμωνύμου
265 4033 337 4088 σου,
369 4013 542 4072 certissima
566 4010 693 4090 quidem
721 4010 849 4072 videtur
874 4008 1087 4081 emertdnti03⁴
1107 4003 1166 4085 (id

74 4117 211 4180 nonique
229 4098 333 4158 voluit
356 4110 481 4172 suntor,
504 4099 634 4179 superior
647 4096 807 4182 suintino,
833 4100 885 4181 qui
905 4085 964 4159 tibi
983 4092 1166 4176 cognominis
