2634 4680
163 232 240 301 424
424 245 992 299 sosorerrorrrrs

166 396 242 458 bere
257 415 297 457 oc
319 414 370 459 arr
391 393 449 455 red
461 415 533 455 enm
547 394 583 455 in
597 393 658 457 beo
670 393 803 459 meant
814 391 891 458 edit.
906 389 1029 476 ubique
1038 392 1110 473 jen
1123 384 1268 451 additu

166 484 236 565 jota
253 415 394 556 videam,
415 493 490 540 ante
506 499 601 560 qoam
617 478 648 541 ei
660 500 789 541 manum
805 476 1019 551 admoverim,
1032 472 1163 537 nescio
1179 492 1223 535 on
1234 470 1269 535 ab

167 561 405 627 consuetudine
425 586 444 628 a
463 562 579 628 Hense.
600 562 738 646 aliisque
751 563 786 623 in
800 562 892 625 alim.
912 574 1081 621 auctorum
1097 554 1269 621 Eetion.

170 646 267 709 ducto
283 646 431 711 recedere
449 649 498 708 fae
517 647 566 711 fir.
608 648 660 709 Ito
684 648 771 709 enim
794 644 907 733 ἀπᾷν
926 644 1012 727 pessi
1025 664 1145 707 snmus
1165 642 1268 707 odiis
1293 652 1297 657 '

170 729 212 791 do
226 730 370 794 Meroed.
383 731 477 798 cond.
521 733 573 795 Ito
588 734 645 815 io·
678 729 769 793 dedit
785 674 955 795 “Idmoni
970 728 1164 811 Contemni.
1178 728 1213 809 ἦ.
1226 734 1267 797 is

170 815 195 882 f.
213 808 313 906 Ὀρᾷν
327 812 456 882 Timon.
473 816 502 900 §.
516 824 569 887 56.
580 819 605 883 i·
695 821 765 900 rdgio
781 816 861 881 ibid.
876 821 906 893 0.
919 820 974 883 48.
988 816 1138 913 Ιπιγελᾷν
1148 812 1188 873 in
1200 812 1268 875 Prs-

171 898 270 960 metb.
284 907 314 976 0.
330 909 359 969 8.
376 901 429 966 fin.
444 917 506 965 etc.
532 909 684 983 Περιορᾶν
700 900 867 984 Thucydid.
883 901 910 977 Ι,
923 905 975 967 69.
990 905 1079 982 Accio
1094 896 1189 959 rdesn
1203 896 1267 973 136

176 989 324 1071 Τελευτᾷν
337 985 485 1051 Herodot.
501 986 612 1064 Steph.
629 965 666 1063 1⁴,
691 1007 763 1068 pag.
780 992 833 1053 51.
849 986 874 1045 f.
889 981 989 1083 ‘Ooqiv
1000 981 1083 1046 ibid.
1100 1002 1139 1065 p.
1156 986 1213 1051 60.
1227 1002 1267 1065 pr.
1301 986 1307 1003 ¹

172 1073 261 1159 Δρςὶν
274 1070 371 1131 etiam
382 1072 537 1154 Aristopb.
550 1071 681 1132 Karteri
694 1070 782 1135 Pius.
794 1077 824 1137 4.
839 1076 936 1157 Γιλᾷν
950 1066 1034 1131 rdenr
1047 1067 1143 1135 lin.
1155 1072 1215 1135 42.
1233 1066 1270 1149 Ei

172 1151 227 1215 sic¹
248 1154 441 1217 recentiores
468 1155 550 1219 Edd.
574 1154 700 1223 Aeliani
721 1154 927 1236 aliorumque·
950 1166 1127 1213 auctorum
1158 1170 1270 1213 omnes

172 1236 224 1298 Re
238 1250 342 1301 tamen
360 1238 460 1321 probe
485 1261 635 1316 excusae,
665 1238 792 1301 decrevi
812 1239 932 1300 rectius
953 1234 1036 1297 iliud
1056 1234 1271 1317 punctionis

172 1318 226 1383 hir
239 1320 330 1384 infin.
347 1323 475 1400 omitti,
497 1322 584 1406 quod
600 1323 725 1387 scilicet
739 1321 856 1385 deinde
876 1322 1003 1387 faciam.
1046 1318 1099 1381 Ut
1117 1322 1213 1383 eninr
1226 1340 1271 1383 ro.-

173 1426 249 1465 ceos
264 1398 479 1505 Aristophanis
491 1408 578 1473 Edit.
593 1408 788 1493 babeat-Jotc
810 1406 1043 1489 subscriptum,
1067 1410 1174 1467 vetus
1187 1402 1273 1468 Bari·

172 1491 289 1551 leenrie
311 1490 344 1549 id
368 1513 379 1549 ι
404 1507 507 1554 norat.
551 1494 595 1557 At
615 1492 697 1560 Flor.
711 1506 744 1554 et
756 1492 796 1557 B.
811 1501 841 1559 2.
857 1490 941 1553 Edd.
956 1490 1092 1553 Luciom'
1105 1486 1148 1549 id
1162 1488 1274 1553 haben

174 1574 313 1656 ubiqna3
346 1514 505 1649 reddant.
523 1578 557 1641 id
579 1600 646 1641 non
668 1576 781 1656 babet,
811 1599 872 1639 nec
892 1575 976 1657 Hag.
995 1594 1056 1635 nec
1071 1572 1164 1637 Ala.
1182 1584 1211 1641 1.
1228 1568 1274 1637 rei

174 1656 295 1742 ubique
307 1658 452 1723 scribunt
467 1660 553 1741 ὁρᾶν,
567 1667 687 1744 διορᾶν,
710 1668 903 1747 μελαγχολᾶν.
947 1656 1047 1741 Quod·
1061 1678 1107 1719 ex
1124 1658 1274 1721 collui!-

173 1760 217 1805 oe
232 1764 297 1807 non
314 1742 430 1829 hujus,
452 1746 507 1809 sed
525 1752 699 1812 multorom
717 1747 852 1809 aiiornrn
867 1751 1013 1809 looorurn
1038 1739 1174 1821 didici,
1203 1762 1277 1831 qnos

175 1826 354 1893 adscribere
367 1828 452 1896 nihil
462 1832 591 1897 attinet.
632 1830 701 1895 Ubi
714 1846 820 1895 autem
835 1831 961 1891 Iumina
979 1826 1013 1890 id
1028 1834 1201 1908 punctim
1222 1824 1275 1889 sub

174 1911 334 1994 ejnsrncdi
349 1912 524 1979 infinitivis
537 1917 651 1992 babet,
675 1915 723 1978 ibi
743 1938 839 1977 manu
851 1913 959 1977 Soloni
982 1911 1201 1993 supponimur
1218 1924 1276 1983 ests

176 1995 266 2082 quod
281 1995 409 2063 taudem
424 2001 521 2067 etism
538 2016 684 2067 accurato
701 1996 924 2082 perlustrando
947 1996 1066 2063 deterri.
1115 1996 1277 2059 Observa·

173 2102 244 2146 rnur
258 2102 334 2167 ergo
352 2083 508 2183 posthaec
523 2108 677 2151 canonem
698 2083 948 2147 Grammaticuro
964 2094 996 2141 et
1010 2099 1192 2163 sequemur
1208 2078 1277 2143 edi-

174 2167 281 2233 tiones
297 2182 432 2253 optimae
445 2168 483 2233 ab
498 2171 577 2236 viris
591 2169 706 2254 peritia
718 2183 891 2241 corrector,
914 2181 947 2227 et
957 2166 1122 2227 imitemur
1138 2164 1278 2241 Arsinos,

175 2250 319 2335 quicum
335 2273 498 2335 nunquam
523 2254 667 2320 dixerint
686 2252 810 2338 βοάειν,
840 2249 973 2336 yeiristv,
998 2247 1096 2311 etism
1119 2252 1197 2330 iota
1215 2268 1278 2311 nos

174 2348 310 2421 potuere
326 2335 536 2405 subscribere.
580 2338 655 2403 Etsi
666 2342 729 2421 jorn
747 2336 819 2420 quir
839 2336 943 2413 diest,
969 2334 1004 2394 in
1026 2332 1176 2395 dialecto
1191 2354 1279 2397 oon·

172 2418 266 2485 mani
280 2426 371 2503 γελᾶν
385 2435 490 2484 tanen
503 2445 547 2487 ex
562 2418 680 2509 γελᾶειν
694 2434 893 2487 contractum
908 2440 996 2496 cose,
1020 2414 1177 2501 adeoque
1188 2430 1225 2482 et
1237 2422 1280 2499 jo·

173 2517 206 2567 ta
221 2517 307 2569 recte
319 2503 476 2570 subscribi
490 2527 594 2592 seque
608 2529 645 2571 sc
657 2508 692 2569 in
706 2503 812 2591 βοᾶεις
822 2511 915 2596 βοᾷς,
939 2502 1086 2647 velitque
1100 2516 1282 2565 consueto-

174 2585 515 2674 dinemsequi,perme
527 2593 625 2671 iicet3
640 2592 771 2657 interim
782 2613 854 2655 cum
870 2587 937 2651 vidi
948 2588 982 2650 in
991 2586 1025 2647 in
1051 2584 1279 2651 nitivinlinn

173 2692 240 2734 rem
256 2692 335 2752 esse,
344 2688 377 2739 ot
392 2674 598 2759 Etymolcgom
612 2690 698 2744 recte
713 2674 845 2751 dixisse,
855 2674 952 2738 liceat
966 2669 1047 2735 mibi
1059 2668 1155 2731 bono
1172 2668 1278 2755 sequi.

173 2754 328 2843 Idemque
343 2760 467 2841 placuit
482 2760 646 2845 Bengdic,
668 2760 775 2844 quiin
795 2775 930 2842 utraque
944 2756 987 2819 N.
1002 2756 1041 2815 T.
1057 2752 1214 2819 editione
1225 2754 1284 2817 io·

175 2839 232 2905 iio.
248 2842 285 2905 in
301 2850 340 2912 riv
355 2843 427 2909 sine
441 2849 508 2927 jota
529 2845 709 2928 subscripto
731 2844 851 2931 ubique
870 2839 1037 2924 expressit.
1080 2838 1137 2903 Ex
1160 2858 1284 2905 rnonn-

174 2928 291 2991 meotis
306 2943 383 2997 vett.
396 2932 488 3010 plura
503 2928 629 2995 deinde.
650 2932 775 2995 Rnrrz.
820 2926 933 2989 Aldini
949 2923 1089 2988 editores
1103 2942 1169 3005 pro
1191 2942 1284 2987 noro

174 3030 234 3075 suo
249 3011 284 3074 in
298 3012 431 3079 Lucieno*
445 3034 575 3096 quoque
590 3013 736 3079 editione
751 3028 888 3097 utraque
900 3008 1072 3109 Erymologi
1085 3004 1174 3071 iilud
1190 3026 1284 3091 proe-

175 3109 303 3181 ceptum
320 3095 606 3183 orthographicum
621 3099 726 3165 secuti
739 3111 824 3164 sunt.
867 3098 1065 3162 flarrleenoes
1078 3105 1198 3155 contro
1211 3114 1284 3159 orn·

173 3188 255 3268 πᾷν,
284 3178 425 3271 ἀγαπᾷν,
456 3178 551 3270 doda,
583 3198 615 3247 et
636 3198 740 3249 cetero
764 3181 859 3263 hujus
881 3178 1024 3264 generis,
1052 3175 1150 3240 edere
1169 3176 1288 3259 soliti,-

175 3269 243 3349 jcta
264 3266 411 3353 legitimo
436 3267 630 3354 subscripto.
672 3266 821 3351 Legitima
841 3267 991 3347 inquam,
1014 3281 1083 3325 mes
1105 3260 1286 3343 quatiens-

175 3372 237 3435 que
252 3351 462 3437 persuasione
476 3352 590 3431 nixus,
614 3373 677 3436 quo
697 3357 790 3439 γελᾷν
813 3350 950 3415 arbitror
972 3369 1038 3410 non
1061 3344 1173 3407 minuo
1194 3358 1286 3409 recto

174 3434 272 3499 scribi
290 3451 323 3503 et
338 3437 560 3521 pronuntiari,
589 3443 799 3527 quamyriqic.
841 3432 916 3499 Vid.
931 3431 1096 3495 Hermone.
1113 3426 1157 3491 sd
1177 3430 1286 3513 Vigor.

34 3526 42 3532 ’
174 3541 206 3603 P·
222 3528 294 3593 735.
313 3542 361 3604 sq.
380 3520 441 3587 Ed.
459 3529 551 3594 1802.
575 3521 777 3608 Quamquam
797 3519 885 3590 scic,
914 3515 1146 3579 hodiernorum
1167 3514 1285 3579 Greu-

173 3607 364 3671 nraticoruor
380 3619 412 3669 et
428 3605 623 3671 criticorum
638 3606 794 3689 plurimos
809 3608 860 3665 vel
875 3602 909 3663 in
925 3599 1157 3677 tradenda,vel
1172 3598 1211 3661 in
1226 3618 1287 3681 op·

175 3690 344 3770 plicando,
368 3695 475 3769 regulo
491 3692 672 3755 contrariae
686 3688 866 3753 tententiae
881 3688 989 3752 favere
1002 3682 1167 3763 coepisse,
1190 3702 1287 3747 oson-

175 3787 226 3837 tos
239 3774 376 3841 maximo
388 3774 520 3841 Fischer·
536 3775 596 3852 (sd
616 3774 733 3839 Weller.
750 3775 824 3840 Vol.
837 3774 865 3839 Ι.
882 3792 911 3853 p.
932 3766 1026 3853 118.)
1047 3764 1151 3855 W⁰²fi²⁰
1170 3766 1305 3849 (Aah.

174 3865 261 3926 lectt.
280 3861 399 3926 literar.
424 3861 628 3943 Tom.11.p.
646 3866 718 3927 419.
732 3859 827 3941 sqq.)
849 3870 882 3919 et
900 3854 1078 3919 Buttmanni
1100 3850 1289 3915 auctorite·

175 3958 248 4011 tstc.
292 3944 391 4010 Nunc
421 3964 481 4021 ego
503 3959 594 4009 tanto
616 3944 721 4007 minus
745 3942 857 4007 Reirrii
879 3937 1024 4019 vestigiis
1051 3935 1219 4019 ingressor
1242 3934 1286 3997 ob

175 4029 438 4097 Hcmeterlrucicrrc
454 4030 611 4117 scripturo
620 4078 630 4108 ‚
653 4028 742 4117 prius
759 4047 817 4115 per
830 4025 913 4087 hanc
928 4021 1103 4088 editionem
1126 4016 1289 4083 observe-
