2634 4680
297 311 898 372 ruusnuouruuu.
1064 297 1139 374 509

52 467 119 526 U·bi
135 464 347 525 scholiastes:
369 461 509 541 ἔμελλον,
533 456 657 546 ἐῴκειν,
682 455 870 541 ἕνομιζόμην.
894 461 1026 528 Gaanv.
1068 465 1141 527 Lu-

51 557 156 612 cienus
170 547 209 608 ad
223 549 356 608 amicum
372 543 529 629 quendam
546 565 660 622 enum,
691 545 795 605 virum
812 546 1006 627 principem,
1031 543 1142 616 'Euno-

52 635 191 715 πούμην.
213 631 339 713 inquit,
363 627 442 705 ὅςας
454 627 577 712 ἄριστος
595 632 641 710 εἴη
658 634 719 693 roiv
730 631 763 693 ἐν
779 636 818 714 τῇ
830 627 934 707 πόλει,
957 634 1009 696 καὶ
1024 628 1083 721 ὅτῳ
1094 661 1142 699 πι-

54 717 213 784 στεύουσιν
230 721 262 780 ol
275 712 376 791 ἄλλοι,
396 716 447 779 καὶ
467 708 587 789 deduci
605 711 728 778 πάντων
746 706 960 794 detinereris.
984 766 986 771 .
1009 713 1095 782 Οὕτω
1113 720 1144 785 dd

54 804 114 884 doe
128 800 165 867 od
180 804 294 882 ἔμελλες
306 796 379 880 ἡμῖν
392 803 560 878 φαίνεσθαι
573 804 615 884 τῷ
631 802 735 877 δικαίῳ
748 797 827 882 λόγῳ
835 844 844 873 ,
868 795 970 881 ὅτιπερ
991 799 1025 865 sd
1048 804 1144 883 esoci-

54 897 157 964 λαιον,
179 892 235 967 τῆς
247 880 355 965 ἀρετῆς
367 879 487 962 circione
498 879 625 966 γνώμαν
639 885 730 963 φασὶ,
759 885 811 946 καὶ
826 878 843 948 ὅ
859 879 954 964 ὀρθὸς
969 884 1073 952 ucvoiv
1087 897 1145 953 cois

52 970 209 1037 τοιούτων.
253 970 398 1050 Apparet
417 965 651 1028 rescribendum
668 959 757 1041 οὗτος
769 987 827 1048 pro
846 966 935 1032 cairo.
978 970 1145 1045 Luciacus

54 1056 179 1117 scilicet
195 1054 263 1135 ipse
282 1073 411 1134 quoquc
426 1066 522 1111 notus
547 1049 616 1112 fieti
638 1051 771 1133 cupiens
794 1052 960 1123 omnibus,
982 1055 1146 1119 Timothei

55 1139 225 1200 consilium
242 1149 386 1211 secutus,
412 1133 602 1217 Cogitabam,
626 1134 748 1218 inquit,
771 1140 838 1219 puis
857 1139 963 1199 civium
977 1155 1048 1199 essct
1063 1144 1148 1222 opti*

55 1250 121 1284 mus
129 1271 138 1299 ,
163 1238 189 1283 et
204 1224 288 1297 euius
298 1219 453 1281 consilium
469 1236 650 1302 sequerentur
667 1219 787 1304 reliqui,
816 1224 923 1305 quique
941 1222 1149 1307 mihifastum
1168 1266 1171 1271 -

57 1325 129 1368 esset
147 1311 242 1366 instar
260 1307 398 1364 omrrium.
442 1303 474 1363 Is
487 1326 554 1365 vero
567 1319 599 1363 tu
608 1307 675 1385 jure
690 1308 792 1365 merito
808 1305 881 1365 mihi
892 1305 988 1366 uideri
1003 1307 1147 1387 debebam
1172 1362 1176 1371 .

57 1390 193 1475 quodque
206 1411 275 1448 sane
284 1391 473 1471 praecipuum
488 1405 544 1462 est,
569 1391 663 1448 omnis
676 1392 791 1449 virtutis
804 1411 924 1468 norma,
945 1404 979 1451 ui
991 1390 1149 1472 ajunt‚'uc

57 1492 138 1536 recto
151 1472 256 1539 talium
270 1471 379 1554 regulo.
422 1472 461 1530 In
475 1472 596 1533 ultimis
611 1488 739 1533 secutus
759 1493 826 1532 sum
849 1473 1147 1555 interpretetionem

61 1558 194 1632 Graevii,
218 1577 312 1637 quam
329 1557 380 1616 vir
395 1555 450 1617 ille
464 1558 501 1618 cl.
518 1560 648 1639 vulgata
664 1561 764 1616 multo
775 1557 942 1619 meliorem
958 1557 1013 1618 dat
1027 1580 1059 1640 p.
1074 1564 1147 1626 978.

59 1642 232 1724 Sequitur,
255 1643 281 1705 εἰ
297 1641 330 1706 di
342 1661 391 1705 σοι
403 1645 528 1722 δείξαιμι
541 1638 637 1721 τᾶρα,
659 1642 709 1704 καὶ
731 1637 767 1705 αὖ
781 1643 965 1718 {admiretur
982 1639 1075 1718 edroi,
1102 1647 1165 1723 εἴη’

58 1724 115 1811 γὰρ
132 1722 207 1791 olco
222 1724 428 1807 φανήσεσθαι,
452 1727 504 1789 καὶ
521 1716 559 1806 δὴ
579 1726 628 1789 ἐπὶ
640 1726 733 1807 πέρας
744 1724 829 1806 ἥκειν
846 1751 882 1805 με
901 1733 957 1807 τῆς
977 1729 1098 1801 ἐλπίδας
1116 1729 1149 1791 ἐν

59 1818 115 1896 μιᾷ
124 1809 223 1894 ψήφῳ
238 1806 293 1884 τὰς
305 1806 427 1884 duriore
440 1803 579 1893 λαβόντα.
601 1809 656 1871 sic
665 1809 890 1872 'connectenda
907 1809 986 1873 hacc
1002 1809 1148 1886 arbitror,

60 1896 187 1955 sublato
200 1908 275 1974 post
288 1891 482 1975 φανήσεσθαι
497 1907 629 1973 puncto,
640 1892 726 1976 quod
741 1895 775 1953 in
790 1899 924 1977 vulgato
938 1895 1148 1974 conspicitur.

58 1981 176 2040 Vetto:
200 1978 236 2038 Si
249 1995 343 2038 autem
358 1979 413 2040 sibi
423 1977 608 2039 ostendissem
626 2001 691 2037 meo
699 2023 709 2054 ‚
732 1994 820 2062 tuque
833 2001 867 2037 eo
881 1977 1032 2040 laudasses
1040 2024 1050 2055 ,
1068 1980 1150 2065 foret

60 2079 93 2123 ut
108 2066 151 2121 ita
164 2061 277 2121 viderer
290 2067 356 2144 jom
371 2065 433 2146 spei
447 2086 527 2122 meae
545 2065 698 2123 deminum
712 2065 852 2144 tetigisse,
873 2065 905 2123 in
923 2067 1009 2124 unius
1030 2066 1151 2148 suffro-

57 2151 110 2228 gio
124 2146 271 2231 suffragia
285 2151 412 2216 omnium
429 2144 609 2229 complexus.
631 2147 724 2209 Jurrs.
773 2138 871 2222 Οὗτος
883 2148 923 2210 L.
938 2148 988 2207 uti
1003 2147 1151 2209 emenda·

60 2231 89 2290 ri
104 2234 236 2311 jusserat
249 2229 373 2295 Jensiuc.
395 2234 523 2295 Sonau.
567 2230 737 2312 Complura
754 2230 809 2291 hic
820 2231 943 2292 Belinus
956 2231 990 2289 in
1004 2231 1152 2294 versione

60 2314 180 2375 Latina
193 2314 373 2394 vituperat,
395 2338 471 2398 prae
488 2315 649 2397 imperitia
666 2316 812 2391 scilicet,
842 2316 896 2376 cui
912 2315 1045 2397 partim,
1068 2317 1095 2376 ri
1108 2320 1153 2377 le·

64 2400 161 2482 gisset
175 2398 267 2459 Jeusii
283 2414 314 2460 et
332 2400 450 2462 Graevii
468 2416 560 2462 notas
569 2444 580 2473 ,
603 2400 744 2461 succurri
765 2400 936 2481 potuisset.
970 2394 1096 2477 “Orsum
1116 2396 1151 2463 cd

62 2480 231 2560 κεφάλαιον
251 2485 388 2565 primum
407 2507 447 2546 ne
462 2483 651 2568 sicquidem
671 2486 770 2545 vertit
792 2483 951 2559 Gesneres,
973 2497 1010 2543 ut
1032 2484 1153 2546 Belinus

64 2566 178 2626 tradit:
202 2590 235 2626 ce
244 2572 297 2648 qui
308 2584 379 2628 aaut
395 2594 496 2631 encore
510 2572 621 2630 mune.
663 2569 783 2628 Larius
804 2569 917 2629 verba:
939 2567 1021 2650 quod
1037 2569 1155 2653 quidem

65 2664 223 2731 caperest,
246 2654 341 2730 plane
357 2650 446 2710 aliud
462 2651 540 2734 quid
556 2656 679 2728 valent,
703 2649 790 2732 qnod
808 2672 920 2712 censor
939 2673 1005 2712 non
1023 2653 1156 2714 intelle.-

64 2754 151 2793 xrsse
166 2730 313 2814 videtur3
336 2731 424 2814 quod
439 2750 543 2796 sutem
559 2733 641 2794 illud
658 2734 763 2814 ipsum
782 2748 846 2811 est,
870 2733 957 2818 quod
972 2734 1051 2798 haec
1070 2757 1155 2811 vox,
1212 2730 1221 2735 ”

67 2817 252 2898 saepissime
277 2814 364 2895 apud
386 2833 530 2878 nostrum
552 2818 740 2899 scriptorem
763 2832 952 2890 occurrens,
984 2819 1157 2902 significat.

67 2903 150 2962 Nam
176 2899 264 2983 quod
285 2899 408 2961 Belinus
428 2900 613 2963 substituit:
629 2924 680 2962 'en
694 2899 813 2982 ubregd,
836 2905 889 2962 vel
900 2901 1020 2982 pourlc
1039 2902 1102 2965 dire
1122 2928 1158 2964 ec

67 3010 107 3046 un
123 3002 201 3061 mot,
226 2983 259 3044 id
272 3008 311 3048 ex
327 3005 413 3045 mero
426 2985 559 3046 arbitrio
575 2985 629 3045 hio
649 2999 786 3045 sumtum
805 2990 879 3045 non'
895 3000 959 3064 est,
983 2985 1073 3068 quod
1092 2987 1159 3047 lin.

69 3089 150 3150 guae
162 3070 277 3150 peritis
291 3068 531 3130 demonstretur.
574 3068 704 3131 Deinde
717 3068 803 3152 quod
814 3072 931 3130 αἰνααία
943 3074 1039 3133 omnis
1052 3092 1160 3151 repro·

70 3153 141 3228 hat,
164 3155 233 3233 ipse
247 3153 403 3214 reddens:
431 3153 548 3215 deterre
559 3154 728 3230 betoleno,
750 3154 905 3230 nescirit,
934 3154 967 3214 id
990 3156 1161 3238 ipsumsi·

70 3236 222 3318 gnificare
244 3238 400 3297 Romanis
417 3260 526 3300 vocem
544 3243 677 3317 αἰνιιαίε,
702 3238 822 3320 quippe
837 3258 918 3321 quae
941 3241 1048 3299 omnia
1069 3239 1103 3298 iu
1126 3261 1160 3301 ss

70 3321 203 3381 honesta
218 3337 251 3382 et
264 3320 434 3383 laudabilia
452 3322 715 3404 comprehendat,
738 3323 855 3383 inerte
871 3343 967 3406 ergo,
991 3344 1072 3403 quae
1088 3325 1160 3405 quis

69 3419 208 3486 praestat
226 3398 338 3488 magna
354 3421 387 3466 st
403 3408 538 3484 eximia,
561 3408 631 3469 aive
651 3407 799 3490 ingenio,
831 3407 900 3469 sire
920 3406 1081 3467 industria
1104 3427 1161 3467 sus

71 3505 103 3550 et
117 3489 326 3551 adsiduitate:
350 3488 404 3551 dia
418 3491 606 3554 Verdicnstc
621 3489 699 3553 odor
712 3491 879 3573 Voruiige‚
902 3512 961 3571 pro
973 3491 1040 3551 loci
1057 3495 1163 3569 cujus·

72 3595 136 3654 que
155 3588 277 3635 natura.
322 3578 403 3634 Tum
429 3575 523 3637 etiam
553 3571 682 3661 γνώμων
703 3574 784 3635 dicit
802 3576 915 3635 melius
928 3573 1029 3636 reddi
1049 3572 1160 3651 index,

73 3678 169 3737 quum
185 3660 291 3741 imago
307 3659 351 3718 ait
368 3659 406 3718 ab
425 3659 597 3743 horologio
613 3660 991 3743 repetita‚nomn.autem
1009 3656 1075 3717 huc
1095 3680 1163 3721 non

72 3742 254 3803 conveniat.
299 3744 342 3803 At
362 3761 467 3805 norme
482 3759 529 3805 est
552 3743 602 3822 id,
624 3767 641 3806 e
667 3764 732 3826 quo
754 3763 802 3804 res
816 3741 987 3823 judicatur.
1033 3741 1163 3825 Quodsi

73 3824 173 3904 igitur
190 3827 337 3909 princeps
356 3842 465 3889 noster
486 3829 629 3890 civitatis
654 3828 772 3890 dicitur
791 3849 897 3887 norme
914 3829 1047 3901 αἰῆαιία,
1077 3827 1164 3887 nihil

74 3907 107 3965 id
124 3909 211 3967 aliud
227 3914 312 3990 vult,
339 3934 431 3995 quam
447 3917 561 3996 vulgus
583 3913 622 3975 de
646 3910 777 3974 artificis
796 3909 971 3971 virtutibus
992 3912 1040 3971 ita
1062 3916 1164 3971 solare

70 3991 222 4074 judicare,
244 3994 295 4053 uti
308 3996 399 4057 illum
413 3995 518 4077 videt,
542 3995 681 4062 auditve.
725 3994 765 4056 In
778 4014 817 4059 eo
832 4008 950 4071 autom,
969 3993 1058 4079 quod
1070 4016 1164 4079 supra
