2634 4680
160 271 238 350 458
431 287 1001 341 annonanronns

162 438 425 506 convenientiam
440 458 583 522 quoque,
603 440 657 499 vel
670 432 998 499 accommodationem
1012 434 1072 511 ed,
1098 440 1160 497 vel
1173 460 1273 501 aeona.

161 530 233 591 dum
248 524 373 605 aliquid
388 522 558 602 denotare,
581 538 729 601 ueneat,
753 520 842 605 quod
858 540 1013 582 moneam.
1044 522 1176 585 Lunna.

245 608 324 675 Eud.
346 613 413 676 1.7.
443 604 526 673 Hira
540 607 735 691 τρικέφαλος)
764 608 910 688 Geryon.
953 604 1030 667 Vid.
1049 604 1216 689 Apollud.
1234 606 1272 669 Il.

157 684 236 781 pag.
250 699 302 762 51.
315 695 353 755 Β.
376 695 504 756 Souna.
548 691 654 756 Verba
671 690 712 768 ὥς
729 693 846 778 γένοιτο
859 688 1047 775 corrigenda
1062 692 1209 773 putavit
1220 692 1272 755 Be.

161 780 241 855 ligur
256 775 298 854 ὥς
310 779 435 863 ἐγένετο.
455 777 603 839 laborare
617 776 704 839 euim
714 798 751 839 ee
767 773 891 858 duplici
900 775 1269 857 aoloeciamo,-primnn,

184 862 248 925 uod
272 878 482 945 sequerentur
505 862 682 923 Indicativi
704 858 805 943 ἠφίει,
828 860 920 947 ἤσθιε
934 875 995 921 etc.
1014 858 1160 939 deiude,
1187 862 1270 947 quod

161 974 205 1025 ως
219 970 291 1009 cum
308 945 468 1029 Optativo
489 946 559 1008 eine
575 941 616 1011 dv
635 946 888 1032 significaturum
906 958 1005 1007 earet:
1028 948 1094 1030 afha
1108 968 1189 1031 -queq
1231 948 1270 1009 At

160 1048 277 1097 neutra
295 1034 379 1093 ratio
397 1029 570 1116 quidquam
588 1035 684 1096 valet.
727 1032 821 1093 Prior
836 1028 967 1113 quidem
984 1032 1014 1090 ai
1029 1028 1115 1113 quid
1133 1034 1268 1109 valeret,

161 1116 203 1179 ad
217 1114 351 1179 enodem
369 1136 513 1177 normam
533 1136 600 1177 non
614 1120 825 1181 aulum-locut
845 1136 913 1198 cap.
927 1121 980 1182 71.
995 1112 1098 1198 ὥςπερ
1116 1116 1150 1181 ei
1161 1142 1212 1193 rte
1225 1122 1270 1183 dn·

159 1199 265 1281 κρῦοι,
288 1203 341 1267 καὶ
358 1203 477 1287 αἰτιῷτο
500 1198 560 1283 τήν
574 1196 683 1283 τύχην,
706 1198 804 1285 impr}
826 1199 988 1267 δύναιτο
1010 1194 1161 1265 ἀνελθεῖν
1176 1198 1268 1279 dende

161 1283 313 1370 οὐρανὸν,
335 1280 472 1368 direpti
492 1318 536 1335 -
557 1276 821 1364 deodiceret,
842 1282 982 1368 ἢὸτιμῆ
1002 1319 1048 1335 -
1066 1292 1197 1353 τελεῖ.
1218 1284 1268 1347 ted

160 1371 329 1433 innumere
352 1389 484 1452 qnoque
506 1369 570 1430 alin
594 1368 782 1454 corrigenda
802 1373 922 1436 forent.
965 1372 1077 1433 Altera
1101 1382 1218 1435 autem
1237 1382 1269 1431 ot

159 1478 217 1540 per
232 1477 265 1517 ee
277 1456 377 1532 falae,
401 1455 447 1514 ita
467 1454 565 1515 etiam
583 1453 618 1513 in
630 1450 738 1519 Belino
757 1455 887 1540 quidem
907 1468 1020 1519 noatm
1042 1454 1141 1519 mira.
1189 1456 1267 1519 Nam

160 1536 202 1617 ὥς
222 1562 294 1601 cum
310 1537 469 1623 Optativo
491 1560 558 1600 non
579 1559 647 1601 uno
668 1539 764 1602 modo
784 1554 972 1624 usurpatum
994 1540 1165 1601 occurrite-
1184 1538 1267 1601 huna

159 1627 266 1707 iprum
286 1624 417 1686 modum
441 1643 594 1706 agnoscet
618 1624 652 1684 in
676 1625 777 1691 Diali.
800 1627 903 1687 Deor.
922 1625 1004 1703 VII,
1028 1631 1060 1692 4.
1087 1625 1176 1711 ilipa
1201 1616 1268 1705 «liti

160 1718 261 1786 Μαῖα,
284 1705 334 1784 ὥς
356 1703 426 1774 οὐδὲ
447 1711 561 1793 μένοι
580 1707 859 1799 τᾶςνύκταςέντῷ
874 1706 1013 1797 οὐρανῷ,
1037 1702 1112 1772 ἀλλ’
1134 1742 1183 1759 -
1204 1734 1268 1775 aut·

157 1798 214 1874 lor,
237 1807 271 1858 et
285 1794 423 1877 taepiua.
464 1794 589 1856 Mirum
608 1796 899 1877 entem-profecto,
923 1816 1018 1878 quern
1035 1793 1188 1857 Belinm
1202 1816 1267 1859 tex·
1300 1859 1302 1864 ,

159 1880 360 1961 centioa³jam
377 1878 519 1940 vidimus
542 1876 581 1944 civ
591 1880 729 1963 reponi,
753 1884 806 1941 vel
826 1880 898 1942 aine
916 1884 981 1939 ulle
996 1876 1104 1945 codd.
1126 1878 1268 1953 auctori·

158 1978 241 2042 tate,
267 1965 418 2047 intritae,
446 1963 506 2023 nbi
528 1959 570 2039 ὥς
587 1963 744 2046 Optativo
758 1969 916 2044 -lunotum
929 1968 1026 2050 finem
1047 1962 1267 2047 significaret,

157 2048 294 2111 eundem
309 2070 398 2109 nnnc
411 2062 617 2131 praeceptum
639 2048 730 2128 dare,
755 2050 804 2111 illi
820 2050 959 2112 coneilio
975 2048 1153 2111 temerario
1171 2054 1267 2133 plane
1296 2070 1299 2077 ·

157 2133 367 2196 contrarium.
411 2134 529 2214 Sapere
543 2132 656 2216 itaque
670 2135 795 2219 coepit,
816 2133 872 2195 aed
884 2134 991 2197 alieno
1005 2138 1095 2195 loco.
1120 2134 1248 2199 Lux.

239 2216 317 2278 Eud.
330 2222 354 2279 1.
370 2224 420 2284 ta.
454 2213 531 2298 Οὐχ
553 2214 674 2301 ὥςπερ
697 2220 858 2295 daueros
884 2215 992 2301 ἡμῶν
1013 2216 1112 2284 ditia
1140 2220 1186 2283 itt
1206 2210 1265 2301 rip·

156 2304 252 2381 uori
259 2326 347 2384 ραις
366 2310 459 2374 cotie
473 2303 599 2383 χερσί]
622 2302 824 2376 Ridiculum,
840 2324 932 2386 quam
947 2303 1054 2380 habet,
1065 2302 1264 2365 sententian

155 2386 241 2447 hane
252 2386 326 2447 tolli
340 2389 412 2446 vult
426 2384 564 2461 Belinua,
587 2386 715 2453 sublate
731 2389 888 2471 particula
903 2386 1044 2472 negandi
1060 2381 1264 2470 adp-ltili.

156 2474 248 2533 culus
269 2470 317 2531 rio
341 2469 413 2552 ipae
434 2470 557 2547 factus,
581 2490 681 2554 quum
702 2494 769 2534 non
791 2472 931 2549 videret,
955 2471 1051 2533 verbe
1066 2472 1109 2537 'dv
1134 2464 1266 2555 ‹ippod-

154 2580 224 2635 ραις
236 2562 302 2630 ταῖς
312 2558 396 2639 χερσί
406 2554 540 2615 nunniti
553 2552 594 2616 ed
608 2553 698 2639 ἡμεῖς
710 2557 877 2619 referenda
883 2606 892 2635 ,
917 2556 1181 2618 omnino-autern
1197 2576 1265 2619 ote-

153 2638 276 2702 tionem
288 2639 465 2721 ellipticam
477 2661 561 2718 eaeo,
585 2661 669 2724 quae
686 2663 762 2703 eane
776 2640 916 2703 rationis
933 2662 994 2722 ope
1008 2638 1098 2701 hund
1116 2638 1264 2703 difficul-

153 2739 204 2786 ter
217 2723 264 2785 ita
285 2724 411 2807 expleri
431 2720 556 2806 potuit,
579 2739 617 2787 ut
631 2750 690 2789 aex
708 2750 848 2788 manuum
870 2725 1042 2809 imaginem
1060 2745 1108 2786 ex
1125 2740 1265 2789 antaee·-

151 2807 251 2955 {ente
274 2806 512 2895 descriptione,
544 2811 784 2876 recentitaimao
812 2812 870 2873 illa
897 2810 1084 2890 memoriae,
1120 2824 1263 2895 repetet.

185 2915 274 2955 nnn.
977 2944 980 2949 .

234 2977 314 3043 llud
330 2982 352 3044 l.
368 2984 420 3047 14.
445 2981 578 3063 llllrpv,
601 2972 625 3062 ἢ
643 2980 770 3065 pidici»,
793 2975 960 3063 ἢᾶσπίδα)
983 2979 1135 3062 Uterque
1151 2978 1265 3043 iuter·-

148 3083 223 3144 pree
242 3063 382 3125 medium
403 3065 504 3125 vertit
520 3088 659 3149 parmam
683 3066 846 3128 Persicam.
888 3067 940 3126 An
958 3062 1121 3126 credimua
1145 3064 1264 3149 ntique

148 3148 334 3209 Luciuuum
351 3148 494 3211 voluitne
507 3170 544 3210 ee
559 3170 639 3212 voce
653 3149 687 3210 id
702 3149 904 3230 exprimere?
934 3152 979 3210 Et
992 3170 1050 3209 our
1063 3168 1135 3209 non
1150 3154 1264 3233 peltae

149 3231 274 3297 addunt
285 3233 476 3313 interpreter
490 3248 633 3318 gentem,
657 3234 712 3296 cui
729 3234 784 3295 illa
801 3236 835 3293 in
850 3234 939 3296 nau?
974 3232 1085 3296 Geor«.
1130 3236 1136 3245 '

233 3316 437 3401 Pag.104.l.
455 3326 485 3387 8.
509 3314 601 3384 Εὕθῦ
619 3321 762 3397 σκοπεῖν)
791 3318 910 3382 Wersel.
933 3316 973 3380 ad
991 3316 1093 3381 Diod.
1120 3318 1192 3383 Sto.
1216 3316 1260 3385 Π.

149 3423 177 3464 e.
191 3409 243 3471 12.
260 3422 294 3465 n.
313 3410 366 3471 81.
380 3402 461 3484 legit
478 3397 589 3480 εὕθῦς,
611 3426 661 3467 me
676 3425 743 3465 non
758 3418 871 3465 contre
886 3406 1026 3481 nitente,
1050 3400 1130 3486 quia
1145 3400 1191 3463 ab
1205 3422 1262 3465 te-

150 3500 271 3571 queute
289 3487 418 3551 ufaeile
436 3488 621 3569 absorptum
642 3489 686 3550 ait
702 3492 847 3554 alterum.
890 3491 999 3550 Multa
1015 3502 1124 3548 tamen
1146 3486 1260 3551 adna-

148 3572 235 3652 tavi,
257 3570 316 3632 ubi
331 3570 515 3633 differentia
530 3574 586 3633 illa
603 3574 690 3634 inter
705 3570 783 3639 εὐθὺ
802 3588 835 3634 et
852 3571 964 3651 εὗθύς,
986 3568 1027 3633 do
1043 3591 1107 3654 qut
1123 3570 1260 3637 Ammo-

147 3660 232 3735 m'ua,
255 3678 322 3718 non
338 3655 533 3722 observatur.
578 3658 641 3721 Sed
657 3658 735 3741 quin
753 3660 851 3741 longe
865 3655 1128 3741 frequentissime
1144 3669 1255 3719 taum

149 3740 353 3815 obterantur,
375 3755 598 3822 praestatem
622 3756 749 3814 tenere3
773 3756 821 3819 et,
844 3764 926 3825 quae
946 3738 1080 3821 collegi,
1101 3744 1168 3821 jem
1184 3760 1255 3801 nou

148 3824 367 3887 addere'lioct.
390 3826 515 3890 liniue.
551 3820 797 3903 uiolentam
821 3822 1152 3895 .2954.teeteBelino.
1173 3824 1252 3885 Bne.

148 3905 244 3970 Unde
266 3908 471 3971 Schmiederuc
494 3905 589 3988 εὐθύς
606 3911 738 3995 recepit.
808 3907 892 3994 dque
914 3925 1006 3972 tanto
1034 3906 1253 3990 probabilius,

148 4012 246 4072 quum
257 4013 314 4074 per
330 3991 418 4055 hunc
436 3994 599 4080 dialogum
618 4016 741 4078 temper
750 4043 760 4071 ,
783 4008 816 4057 et
825 4000 937 4077 paullo
954 4008 1031 4055 ente
1045 3991 1186 4055 mininie
1202 3992 1253 4051 in-

147 4080 283 4145 tervallo
297 4076 362 4159 bit,
386 4075 495 4164 εὖθύς,
518 4102 586 4145 uun
600 4077 696 4161 εὖθῦ,
719 4079 843 4149 dietum
856 4080 925 4157 eit,
946 4074 1179 4163 Nihilominua
1192 4074 1253 4143 dtr·
