2634 4680
254 282 293 328 ru
321 277 498 338 οοουουο
525 274 701 323 flieronis
729 275 796 321 ειυ-
813 236 984 327 consen.¹
1080 251 1156 329 553

148 424 225 490 End.
238 429 259 491 l.
277 432 326 491 11.
345 416 400 486 Ἐν
416 420 573 521 κροκωτῷ)
595 420 772 509 Plutarchus
786 440 916 502 quoqne
928 419 1051 495 scribit¹
1074 423 1158 483 ller-

63 514 166 571 culem
187 505 427 590 κροκωτοφόρον
456 508 549 588 pingi
575 507 717 567 solitum.
762 504 900 566 Crocnta
925 522 1029 566 nutem
1051 508 1156 568 crocei

64 596 183 654 coloris
201 596 310 655 vestis.
355 594 433 653 Non.
451 589 592 653 Marcell.
616 588 742 653 Vonsr.
787 587 890 670 Quem
910 595 1030 650 cultum
1051 605 1156 652 tamen

64 678 233 758 deinceps,
256 692 337 738 utet
353 677 504 738 Herculis
517 675 664 749 titulum,
688 670 851 733 affectavit
865 672 1071 736 Commodus.
1094 676 1159 736 He·

63 762 181 827 rodino.
199 762 216 822 1
221 809 234 839 ,
251 769 309 837 14,
329 769 379 828 16.
402 752 634 840 ἀποδυσάμενός
650 781 680 820 τε
699 754 732 820 τὸ
753 751 915 839 Ῥωμαίων
933 761 984 824 nal
1006 763 1157 841 βασίλειον

63 853 178 926 σχῆμα,
200 854 326 926 λεοντῆν
346 841 573 925 ὑπεστρώννυον
597 843 649 905 ecl
668 837 803 923 ῥόπαλον
828 839 899 922 μετὰ
920 853 1018 925 χεῖρας
1034 847 1155 927 φέρειν,
1178 881 1187 892 ·

60 926 248 1010 α’μφιὲννντύ
262 957 293 994 τε
307 927 462 1013 ἁλουργεῖς
478 930 528 991 καὶ
541 933 726 1009 χρυσουφεῖς
740 927 891 1006 ἐσθῆτας,
912 925 954 1003 οἷς
971 927 1049 993 εἶναι
1068 956 1157 996 κατα-

60 1009 304 1098 γέλαστοναύτόν
315 1017 365 1078 καλ
379 1008 432 1092 ὕφ’
446 1014 490 1078 tvl
502 1010 627 1092 σχήματι
640 1017 770 1089 θηλειῶν
781 1011 970 1077 πολυτέλειαν
983 1015 1033 1077 καὶ
1047 1009 1158 1095 ἡρώων
1201 1020 1211 1040 ’

63 1097 150 1180 ἰσχύν
162 1098 362 1180 μιμούμενον,
379 1099 418 1163 V.
433 1113 464 1156 et
475 1095 633 1179 Aristoplr.
647 1103 736 1176 Βατρ.
751 1116 781 1176 p.
796 1102 892 1173 912.
910 1098 1035 1161 ὅσιον.
1070 1098 1156 1159 Con·

62 1184 321 1266 1ειΑιύιιορΙιοτι.
338 1185 422 1245 Ran.
448 1187 500 1248 46.
523 1196 556 1242 et
579 1178 619 1241 etl
641 1201 713 1242 enm
733 1194 817 1241 nott.
836 1181 889 1245 Ee.
914 1182 1026 1264 Spnnls.
1047 1183 1102 1266 qui
1123 1197 1158 1245 et

62 1266 151 1326 lrunc
166 1268 414 1328 Lucinniloenm
433 1264 556 1344 adfert,
578 1280 611 1326 et
626 1263 778 1324 muliebre
803 1263 865 1325 hoo
891 1267 1076 1327 vestimenti
1097 1289 1158 1350 ge-

61 1372 123 1408 nus
140 1353 276 1430 exponit
302 1375 342 1413 ex
362 1352 474 1415 Athen.
496 1349 543 1425 V,
567 1356 639 1418 198.
666 1347 848 1430 pellucidum
868 1351 1046 1428 amiculum,
1075 1353 1159 1436 quod

36 1458 151 1516 ‘supra
161 1460 336 1518 purpuream
351 1439 481 1501 tunicum
499 1437 640 1518 injicitur.
663 1433 786 1495 Rnrnz.
825 1499 829 1503 ,

145 1567 222 1632 Eas.
234 1572 255 1630 l.
273 1577 323 1642 13.
346 1564 514 1651 Σανδᾶλῳ)
536 1569 588 1630 Sic
603 1589 661 1651 pro
675 1569 823 1654 σανδαλίῳ
838 1566 1021 1632 constanter
1034 1571 1156 1656 legitur

61 1654 96 1713 in
113 1653 195 1719 Edd.
211 1668 288 1714 vett.
304 1652 381 1743 quas
397 1654 541 1732 excussi,
565 1668 597 1714 et
613 1668 713 1724 recte;
738 1646 905 1734 (qnlmvis
919 1669 1090 1738 utrumque
1107 1656 1155 1717 di.

60 1734 184 1824 catur.)
207 1738 281 1798 Vid.
304 1761 398 1818 supra
417 1740 516 1802 Deor.
536 1739 625 1800 Diat.
642 1737 717 1800 th.
736 1759 775 1798 m.
798 1735 969 1819 ubi'plnue
985 1739 1068 1800 idem
1089 1743 1153 1803 ait:

59 1820 228 1909 παιόμενος
239 1820 301 1889 ύτνό
319 1831 373 1904 τῆς
384 1819 549 1904 Ὀμφάλης
561 1828 664 1905 χρυσῷ
679 1816 826 1906 σανδάλῳ.
870 1823 914 1882 Et
928 1823 1016 1886 Dinl.
1039 1825 1096 1889 XI,
1111 1849 1154 1889 m.

59 1905 175 1990 πληγὰς
188 1901 270 1993 αύτῷ
285 1909 413 1973 ἐνέτεινα
433 1943 477 1955 -
497 1915 540 1990 cpi
556 1905 709 1987 σανδάλῳ,
733 1919 765 1964 et
783 1907 830 1964 sic
845 1904 923 1965 alibi
949 1928 1013 1968 non
1037 1915 1153 1972 semel:

59 2014 157 2072 quare
180 1991 243 2053 hoc
264 1993 420 2073 praetuli,
451 1992 525 2074 quin
550 1992 671 2052 Nostro
704 1989 854 2049 usitatius
878 2003 934 2055 est.
977 1990 1155 2055 Addiderat

58 2078 110 2136 La
128 2074 234 2153 Groze,
256 2074 322 2136 vid.
343 2079 454 2137 Terent.
472 2075 541 2137 sine
560 2075 657 2136 dubio
683 2075 856 2157 respiciens
870 2073 924 2134 illa
951 2076 984 2134 in
1001 2078 1152 2157 Eunuclt.

57 2161 105 2235 V,
120 2168 157 2230 8.
174 2168 204 2226 4.
254 2161 373 2220 Utinam
388 2162 443 2222 tibi
459 2164 654 2241 commitigari
668 2158 783 2222 videam
804 2156 943 2221 sandalio
960 2177 1058 2244 caput.
1100 2162 1154 2225 Ad

60 2266 142 2328 quae
157 2245 338 2328 interprett.
351 2248 441 2327 plura
455 2243 494 2306 de
512 2245 672 2309 sandaliis.
695 2244 818 2305 Ηττον.

145 2364 308 2446 Pag·179·
324 2369 345 2426 l·
362 2374 393 2433 5.
411 2358 607 2444 Ἆσύφηλον)
637 2364 723 2430 Ftor.
748 2373 780 2427 et
800 2362 896 2446 Angl.
917 2357 1097 2445 ἆσύμφυλον
1121 2379 1155 2429 et

60 2441 252 2531 ἆσύμφηλον.
275 2452 408 2516 Bonan.
448 2445 663 2530 Ἀσύμφνλον)
686 2446 821 2507 Varinnt
835 2447 996 2512 hiclibris
1020 2449 1075 2512 sed
1094 2471 1155 2512 vc-

60 2556 95 2592 ra
110 2550 141 2592 et
157 2535 297 2615 genuina
311 2535 409 2596 lectio
424 2547 488 2611 est,
511 2555 605 2616 quem
623 2553 664 2592 cx
678 2532 735 2591 W.
749 2531 786 2591 P.
800 2544 832 2590 et
844 2533 885 2592 L.
897 2532 1045 2598 exhibeo.
1069 2534 1158 2599 Con·

60 2620 205 2676 sentiunt
227 2640 354 2691 omnes,
385 2620 528 2699 exceptis
553 2617 696 2691 duobus,
723 2615 756 2674 in
778 2615 876 2678 Rhet.
893 2618 1000 2680 Peneo.
1018 2641 1085 2703 cop.
1104 2628 1154 2689 16.
1177 2654 1180 2659 ·

62 2697 236 2781 ’Λσύφηλον
248 2723 343 2774 veto,
368 2700 455 2783 quod
468 2716 500 2763 et
515 2700 598 2781 apud
614 2700 738 2760 Suidnm
753 2720 915 2780 perpetem
929 2705 1047 2782 legitur
1061 2700 1156 2785 οἶσύμ·

65 2794 181 2866 φηλον,
204 2784 291 2847 aliud
306 2798 365 2849 est.
410 2785 450 2845 V.
466 2786 505 2845 Il·
520 2792 555 2858 Ι,
567 2791 640 2850 643·
664 2781 751 2862 quod
767 2787 829 2862 jam
844 2781 1026 2847 doctissimo
1044 2788 1157 2850 Suidne

63 2869 182 2931 editori
201 2869 401 2930 observatum
417 2884 473 2934 est.
517 2867 609 2928 Adde
623 2866 706 2928 Plus.
723 2874 824 2943 1672,
843 2877 872 2933 1.
894 2870 1020 2934 Some.
1062 2866 1157 2937 ’Λού-

63 2959 178 3033 φηλον)
204 2953 285 3012 Cum
301 2974 365 3013 non
383 2957 509 3013 soleant
525 2973 637 3013 vocem
650 2951 776 3013 facilem
797 2965 829 3012 et
851 2952 978 3012 obviem
1000 2955 1034 3014 in
1057 2955 1157 3040 igno·
1224 3018 1228 3023 ,

63 3041 178 3099 tiorem
193 3052 315 3098 mutare
336 3037 479 3115 librarii,
501 3030 779 3116 &complorantem
801 3037 990 3103 sits-Homer.
1014 3040 1107 3106 Iliad.
1121 3048 1155 3119 Ι,

63 3133 135 3190 643.
152 3137 185 3184 et
198 3132 245 3200 st,
261 3128 334 3190 767.
358 3124 421 3182 hoc
435 3120 625 3184 servandum
644 3119 745 3198 duco,
768 3134 801 3181 et
816 3119 1042 3202 interpretetus
1065 3147 1154 3203 sum,

62 3230 129 3266 uon
153 3229 216 3290 qno
240 3208 327 3266 illam
349 3212 445 3289 plene
468 3207 629 3290 cognitam
653 3204 803 3280 habeam,
845 3205 900 3267 sed
921 3221 958 3266 ut
981 3209 1156 3271 convenire

62 3292 140 3350 huic
157 3292 355 3366 sententiae,
387 3312 446 3350 nec
471 3312 648 3374 repugnare
670 3290 751 3351 locis
773 3290 952 3351 Homericis
975 3284 1156 3360 videbatlr.

63 3378 167 3438 (insu.
212 3377 330 3436 Verum
351 3390 416 3450 est,
452 3376 599 3436 librarios
621 3395 688 3435 non
705 3379 808 3435 solere
833 3396 943 3436 vocem
968 3376 1094 3437 obvium
1118 3378 1155 3437 in

62 3463 72 3520 i
78 3460 257 3544 gnotiorem
271 3475 412 3538 mutare3
435 3461 575 3543 ideoque
586 3459 700 3532 lobene
717 3456 921 3521 concederem
941 3459 1076 3539 Usenero,
1087 3463 1155 3524 Ho-

63 3547 214 3606 mericum
231 3540 389 3626 ἀσύφηλον
404 3546 576 3622 retinenti,
599 3543 627 3603 si
640 3541 857 3626 significstnm
871 3547 943 3624 ejus
958 3545 1023 3605 huc
1038 3568 1156 3609 convo·

64 3631 134 3690 nire
151 3644 269 3691 certum
286 3645 379 3689 esset.
402 3632 522 3690 Verum
538 3629 691 3711 quianon
707 3627 816 3708 potuit
828 3629 930 3705 scire,
954 3629 1032 3711 qnid
1048 3629 1153 3693 codd.

64 3716 167 3774 nostri
183 3713 353 3791 haberent,
377 3734 436 3797 ego
449 3733 637 3774 consensum
654 3733 763 3772 eorum
776 3712 811 3771 iu
825 3734 905 3774 vnce
918 3714 1024 3790 obvia,
1048 3731 1081 3775 et
1099 3714 1155 3776 hic

65 3797 147 3858 bene
160 3818 317 3880 congrus,
342 3796 582 3877 praeferendum
597 3795 696 3873 duxi,
720 3799 957 3879 coqttemegis,
982 3799 1057 3880 quio
1072 3796 1171 3861 duns'
1281 3837 1286 3849 ·

65 3880 148 3940 ltdd.
167 3883 327 3961 principes
343 3883 390 3944 rt.
407 3897 438 3942 et
451 3881 480 3941 J.
495 3903 534 3942 ne
550 3881 679 3963 quidem
691 3883 839 3960 vulgatae
853 3880 1085 3962 adsentiuntur,
1099 3883 1157 3946 sed

67 3965 105 4024 ud
125 3970 253 4024 alteram
268 3967 567 4050 Codicurnquoque
584 3963 715 4027 ducunt.
737 3965 860 4031 lini-cz,
900 3960 1158 4050 Ἀσύμφυςμνοῑ.
1267 4038 1273 4047 .

66 4051 129 4112 inus
146 4050 210 4118 ttts.
227 4051 307 4136 ch·
323 4061 415 4127 3011.
439 4054 512 4119 ΒΗ.
551 4045 735 4133 ’Λούμφιλον
751 4051 790 4111 Α.
805 4058 837 4120 2·
854 4063 892 4111 ut
904 4051 985 4119 lunt.
1007 4055 1125 4121 tnnc.
