2634 4680
175 277 256 349 442
446 285 1015 337 announnronns

178 440 270 527 quod·
281 458 338 523 per
349 456 496 497 nummos
511 434 563 513 fit,
588 433 831 517 opponiturque
843 433 969 517 prisone
985 432 1142 495 mercium
1156 452 1279 515 permu-
1302 440 1308 463 ⁸

176 528 314 589 tationi:
337 543 434 605 quare
447 517 600 603 καπηλική
610 522 697 602 τέχνη
710 534 744 583 et
756 519 927 600 καπηλικὸν
941 533 1026 581 recte
1040 518 1190 581 vertitur
1203 542 1279 581 nunr-

176 612 305 673 mularia
321 629 371 689 ap.
387 607 515 667 Aristar.
528 606 556 666 L
572 606 672 667 Polit.
690 626 760 687 cap.
776 612 809 670 9.
823 603 881 665 ubi
898 604 947 663 bis
965 617 1013 665 ter
1028 624 1212 665 accurrens
1225 602 1279 667 hoa

178 696 325 767 verbum,
347 712 407 751 nec
421 711 488 750 non
506 691 618 772 capitt.
633 710 703 772 sqq.
721 689 827 751 videri
840 703 958 771 potest.
979 689 1107 749 Rauen.

263 776 342 836 ibid.
380 771 590 859 Κερασᾶμενοέ
612 779 665 859 γε)
698 775 822 858 Αρνανι
839 777 1042 847 immiscentes.
1069 774 1203 849 Baton..
1227 774 1279 837 -Ῑι

177 860 369 923 venditione
383 860 454 920 vini
470 862 630 940 triplicem
646 860 713 920 iere
729 860 872 920 fraudem
886 879 1067 940 cauponum
1082 872 1213 923 notant
1231 882 1279 923 ve·

177 962 278 1008 teres:
310 944 397 1029 quod
419 943 500 1005 illud
520 943 666 1016 diluant,
695 943 944 1027 mangoniaent,
974 956 1007 1004 et
1025 943 1113 1005 false
1136 964 1280 1009 mentun

176 1029 329 1093 vendant.
377 1024 502 1091 Gasoub.
522 1026 562 1087 ad
579 1026 832 1135 'IdeopdnChan
848 1050 879 1110 p.
895 1033 968 1096 244.
999 1028 1133 1092 Sanan.

262 1115 337 1197 Pag.
352 1122 404 1183 88.
418 1117 439 1174 l.
455 1123 486 1183 3.
512 1105 586 1194 Ἀρα
609 1111 723 1191 caveai)
748 1101 824 1195 5Apa
841 1119 934 1178 ταῦτα
955 1110 1039 1173 Edd.
1059 1112 1162 1199 Lege
1183 1108 1280 1183 andei.

177 1202 313 1263 Guvu'r.
355 1202 464 1281 Roget
478 1198 714 1259 Hermotimum
729 1197 913 1278 Lucienus,
942 1192 1281 1283 ididaioualoe'dodc,

176 1277 237 1368 ἆρα
252 1292 345 1348 ταῦτα
356 1284 434 1367 πρὸς
445 1278 527 1364 ὑμᾶς
539 1283 615 1367 λέγει
626 1278 770 1364 ὁσημέραι
777 1327 787 1359 ,
810 1283 861 1346 nal
873 1285 942 1367 napi
954 1290 1013 1347 τῶν
1026 1277 1156 1364 αὐτῶν,
1179 1280 1205 1369 ἢ
1216 1282 1281 1351 iilla
1313 1350 1316 1357 ,

176 1367 299 1448 ἔλλοπες
320 1366 415 1434 πολλὰ
431 1366 490 1451 γάρ
511 1371 583 1433 έσσι.
625 1365 798 1448 πρόδηλον,
828 1357 980 1451 αἶέταῑρε.
1007 1363 1030 1450 ἢ
1053 1364 1116 1435 otia
1143 1366 1188 1435 dv
1209 1370 1281 1447 titia

176 1458 219 1520 ἔτι
232 1455 396 1537 παρέμενες
409 1447 493 1529 αὐτῷ
506 1449 583 1516 κατὰ
599 1448 652 1518 niu
662 1447 816 1519 Ὀδυσσέα
832 1458 1033 1536 περινοστῶν,
1061 1456 1121 1519 eut
1142 1464 1282 1541 neptula-

175 1536 328 1620 νῶμενος,
353 1542 381 1603 εἰ
392 1534 428 1602 τὰ
445 1532 522 1601 αὐτὰ
538 1540 648 1620 ἔλεγεν,
678 1531 747 1601 ἄλλ’
760 1532 873 1620 ἀπέχρη
888 1538 927 1607 iiv
946 1561 994 1604 σοι
1008 1540 1061 1603 aul
1079 1536 1173 1619 ἅπαξ
1196 1538 1282 1607 ‹iuci-

178 1648 278 1702 σαννι,·
300 1621 465 1698 Vertitur,
487 1622 662 1705 Praeceptor
672 1640 740 1683 tuus
754 1648 824 1683 num
839 1624 912 1685 daec
924 1623 1056 1707 quotidie
1075 1622 1163 1687 dicit
1184 1626 1280 1703 antu,

176 1727 205 1770 et
220 1709 255 1769 de
266 1707 370 1769 iisdem
382 1706 577 1792 verbafacit,
601 1732 641 1768 an
653 1732 720 1769 vero
735 1707 813 1768 alias
824 1708 888 1768 alia
898 1707 1064 1791 proponit?
1087 1708 1199 1771 multa
1213 1714 1282 1773 enin

176 1810 260 1868 sunt,
282 1809 315 1853 ut
326 1808 424 1875 patet,
448 1797 551 1853 amice.
596 1793 651 1854 An
664 1816 799 1853 nonvero
812 1797 980 1869 etiamnum,
1004 1808 1036 1853 ut
1047 1816 1111 1876 por
1122 1810 1187 1871 est,
1209 1794 1283 1879 apud

175 1882 271 1959 ipsum
286 1881 381 1938 instar
399 1876 512 1961 Ulyssis
527 1876 742 1952 circumeundo,
753 1894 781 1938 et
793 1876 955 1939 oberrando
965 1877 1125 1960 perduras,
1142 1882 1175 1941 si
1186 1880 1282 1941 endan

176 1962 325 2045 loquitur,
348 1961 396 2022 vel
410 1964 465 2022 tibi
480 1965 554 2023 satis
569 1979 611 2023 est
629 1961 745 2046 aliquid
767 1961 856 2023 semel
872 1960 1076 2026 inaudivisse?
1104 1962 1178 2028 Sed
1202 1964 1283 2027 nillil

177 2047 402 2128 certiusjuxta
424 2062 456 2107 et
478 2046 698 2123 manifestius,
731 2067 825 2128 quam
847 2069 906 2130 pro
929 2051 1063 2130 vulgato
1083 2056 1192 2115 ταῦτα
1211 2048 1284 2153 sepit

174 2127 255 2211 ὑμᾶς
268 2133 344 2214 λέγει
360 2127 520 2210 ὁσημέραι,
543 2130 714 2213 legendum
725 2127 821 2195 cutinei
832 2158 863 2196 n·
876 2126 904 2196 ὖ.
921 2137 946 2195 λ.
962 2128 988 2196 ὅ.
1011 2133 1110 2194 Patet
1124 2140 1172 2196 ex'·
1186 2154 1225 2197 re
1239 2158 1283 2221 tp

176 2237 228 2293 sa,
252 2228 283 2275 et
296 2215 516 2296 sequentibus.
562 2217 641 2277 Duo
654 2230 761 2298 rogat,
786 2230 891 2275 utrum
906 2218 1057 2300 magister
1071 2218 1193 2283 endem
1207 2242 1284 2285 sen·

175 2322 252 2381 per,
277 2321 316 2358 an
334 2298 509 2358 identidem
529 2299 592 2359 alia
607 2314 779 2380 proponat.
824 2301 1054 2381 Respondebat
1074 2302 1174 2385 ipse,
1204 2304 1283 2367 illud

177 2405 245 2444 esse
260 2381 432 2465 πρόδηλον·
461 2383 588 2443 scilicet
607 2385 670 2443 alia
693 2381 868 2445 identidem
889 2386 1050 2467 proponi,
1081 2407 1164 2449 cum
1184 2396 1284 2459 mults

175 2467 244 2526 sint
259 2466 470 2545 excutienda,
493 2482 526 2528 et
548 2467 701 2550 discipuli
723 2484 891 2551 propterea
913 2474 1046 2554 longum
1066 2485 1203 2555 tempus
1228 2474 1283 2537 de·

175 2550 272 2611 beant
288 2550 458 2613 adhaerere
476 2553 694 2634 praeceptorit
717 2575 789 2613 nam
807 2554 834 2613 si
851 2553 958 2615 eadem
973 2576 1096 2637 semper
1109 2576 1283 2641 propone-

172 2651 300 2712 rentur,
324 2634 484 2698 sufficeret
499 2641 550 2698 vel
566 2642 664 2699 semel
680 2636 849 2700 audivisse.
893 2638 957 2699 Res
974 2662 1030 2719 per
1049 2660 1084 2699 se
1098 2644 1210 2720 plana
1227 2657 1281 2707 est.

172 2720 276 2782 Imma
303 2727 365 2803 jam
387 2721 485 2783 video
506 2743 573 2782 non
597 2724 690 2784 aliter
707 2722 818 2785 haberi
843 2725 876 2782 in
902 2722 1045 2784 editione
1064 2726 1161 2792 Flos.
1185 2728 1278 2793 June.

174 2805 285 2866 Secuti
300 2828 408 2867 sumus
424 2808 465 2870 L.
484 2821 517 2869 et
532 2805 613 2869 cod.
631 2808 679 2870 Fl.
702 2829 794 2890 quem
818 2810 934 2870 Jensius
955 2808 1115 2890 inspexit,
1143 2812 1225 2894 qni,
1246 2824 1281 2873 nt

175 2888 211 2949 id
225 2889 330 2952 obiter
342 2913 505 2968 moneam,
531 2890 639 2953 differt
650 2892 705 2952 hic
720 2915 737 2953 a
751 2895 798 2957 Fl.
812 2893 868 2974 qui
882 2893 1031 2954 Oxoniae
1044 2892 1079 2953 in
1089 2894 1281 2961 Bibliothe-

172 2994 208 3033 ca
224 2974 394 3058 Bodlejana
412 2991 599 3037 asservatur.
643 2978 682 3038 In
711 2976 893 3038 Oxoniensi
916 2978 1002 3041 enim
1022 2975 1081 3039 illo
1101 2982 1281 3045 manifeste

170 3066 278 3134 ταῦτα,
300 3075 337 3119 ut
350 3074 383 3120 et
394 3061 429 3119 in
443 3062 557 3144 reliqq.
571 3060 643 3124 edd.
657 3063 786 3145 legitur.
810 3063 936 3123 Satan.
961 3088 965 3099 ’

257 3143 334 3205 Ead.
350 3147 373 3203 l.
388 3153 417 3212 4.
443 3142 572 3209 Πολλοὶ
593 3144 664 3231 γάρ
687 3150 769 3212 ἐστι
789 3147 871 3228 ete]
903 3148 992 3208 Haec
1013 3145 1109 3209 verba
1130 3148 1185 3211 sio
1204 3172 1279 3213 mu·

170 3227 269 3288 tanda
283 3229 409 3288 censuit
423 3229 644 3292 Scdmiederus:
665 3268 709 3279 —-
729 3268 773 3279 —
793 3228 1039 3317 moilaiycipiott·
1061 3238 1174 3301 EPM·
1191 3232 1278 3323 Πρὸ·

170 3317 282 3394 δηλον,
306 3304 332 3376 ai
345 3316 449 3398 ἑταῖρε.
493 3324 595 3380 ΛΤΚ.
606 3308 657 3382 Ἤ
666 3310 724 3381 crin
739 3313 778 3381 riv
792 3333 853 3377 etc.
897 3319 957 3395 At,
980 3318 1008 3378 si
1021 3318 1179 3382 mutanda
1195 3320 1279 3383 heco

168 3417 243 3459 vere
258 3397 345 3469 sint,
367 3401 496 3472 nescio,
522 3400 638 3482 quidni
655 3402 765 3483 potius
781 3401 828 3461 sic
846 3402 1035 3464 videantur:
1072 3408 1186 3470 EPM.
1204 3412 1279 3473 erol-

162 3479 208 3544 λὰ
223 3479 279 3566 γάρ
295 3483 365 3547 έσπι.
408 3492 508 3549 ΛΤΚ.
524 3482 705 3569 Πρὸέηλον,
730 3477 755 3552 td
765 3489 875 3569 ἑταῖρε·
898 3484 920 3567 ii
934 3480 993 3552 adu
1011 3482 1049 3551 iia
1065 3501 1127 3549 etc.
1174 3490 1276 3569 Nem,

169 3567 295 3647 siquid
318 3570 453 3630 omnino
476 3572 700 3651 rectesentm,
731 3572 956 3655 compellatio,
989 3564 1150 3656 οἶέναῖρε,
1183 3596 1279 3637 nuno

170 3650 313 3711 omnium
330 3655 464 3715 minime
479 3655 514 3714 in
529 3657 782 3732 Hermotimum,
813 3657 919 3719 valide
933 3656 971 3716 ab
995 3658 1097 3719 amico
1120 3654 1279 3721 adverte·

167 3735 217 3792 rio
233 3733 273 3792 ad
290 3737 406 3798 incitas
421 3739 602 3819 redactum,
632 3739 744 3801 cadere
762 3754 895 3823 poterat.
940 3742 1079 3818 Verum,
1104 3756 1143 3803 ut
1157 3748 1276 3807 stetin

168 3838 231 3876 rem
249 3819 350 3900 ipsam
364 3837 509 3909 tangam,
533 3825 618 3886 nihil
632 3846 762 3906 prorsus
775 3826 809 3884 in
825 3825 886 3886 hac
901 3827 1057 3889 sermonis
1072 3827 1181 3889 forme
1192 3852 1277 3891 mu·-

168 3901 299 3961 tandum
314 3920 371 3969 est.
415 3911 490 3991 Ipse
509 3911 659 3993 Lycinus
674 3911 736 3970 sibi
750 3909 783 3970 h.
798 3914 820 3971 l.
844 3911 976 3972 nomine
995 3913 1194 3974 Hermotimi
1217 3936 1275 3979 re.
1310 3927 1314 3939 '

169 3986 323 4065 spondet,
347 3995 618 4072 persuasissimum
634 3993 773 4071 habens,
797 4016 901 4078 neque
918 3995 1009 4055 illum
1025 3998 1119 4057 aliter
1134 4020 1275 4081 respon.

169 4069 242 4133 dere
258 4093 361 4155 posse.
407 4081 627 4142 Hermotimus
650 4094 775 4158 autern,
807 4100 906 4163 quum
930 4078 1049 4143 deinde
1068 4079 1110 4143 ed
1130 4084 1273 4149 eundern
