2634 4680
175 279 253 359 fio
440 289 1010 345 sosorsrrorns

175 456 293 530 litore,
317 464 400 530 quse
414 443 450 503 in
464 441 515 506 M.
531 451 682 523 apparet,
705 437 825 523 cuique
840 438 998 503 hodierne
1018 440 1185 525 scripture
1202 463 1284 505 sre-

175 538 319 603 oentiore
333 549 429 591 meno
443 525 600 608 inscripta
615 537 671 587 est.
686 524 815 588 Sensit.-
843 528 1010 593 Αἰτιᾶσθαι
1024 522 1128 603 οὕτως
1144 528 1284 613 corrigit
1316 583 1317 588 ,

178 624 237 687 ss.
252 619 302 682 M.
325 617 370 676 Et
383 634 481 695 marg.
495 609 534 673 Β.
552 618 583 677 2·
601 611 726 674 Rrsrz.
761 608 876 691 Spero,
900 611 959 694 qui
973 610 1283 695 interpretationem

175 719 318 769 nostram
332 699 388 760 hic
403 719 475 758 cum
490 693 620 756 Graecis
634 695 829 775 contulerit,
852 696 945 755 illum
961 696 1050 757 nihil
1065 696 1205 759 absurdi
1221 718 1282 759 ern-

173 791 261 875 plius
277 789 312 847 in
331 785 373 843 iis
396 779 678 863 deprehensorum.
722 778 786 840 Sed
808 779 945 841 clariore
965 793 1060 843 erunt
1082 782 1236 861 Graece,
1257 784 1283 843 si

170 875 279 959 primo
295 868 457 939 observes,
480 858 575 929 οὔτᾶν
594 863 793 947 jungendum
809 885 881 925 cum
895 860 1063 949 ἀγόμενον,
1087 864 1236 941 deinde,
1256 868 1282 929 si

173 971 250 1043 post
265 958 422 1033 αἰτιᾶοθαι
445 947 586 1009 incidas:
608 947 729 1009 Latina
748 963 853 1011 autem
870 948 1047 1011 illustriore
1059 965 1180 1032 erunt,
1204 952 1281 1015 siin

173 1039 298 1114 verbis,
320 1062 340 1099 a
356 1040 388 1099 vi
400 1032 470 1098 ME
480 1032 596 1110 liberet,
619 1032 680 1094 Me
694 1030 775 1092 illud
790 1037 841 1095 vel
855 1032 984 1095 omittas
998 1035 1209 1119 simpliciter,
1233 1040 1283 1101 vel

174 1122 310 1187 inillam
326 1137 439 1185 mutes.
481 1118 566 1179 Nem
586 1114 627 1178 de
641 1136 676 1177 se
699 1115 828 1202 quidem
850 1117 1012 1202 loquitur,
1036 1140 1103 1203 quo
1127 1134 1282 1205 respectu

172 1235 219 1273 m
242 1207 323 1267 mihi
347 1205 383 1265 in
406 1206 543 1265 inertem
564 1200 673 1277 venit,
697 1200 752 1262 sed
778 1202 927 1284 loquitur
951 1203 987 1264 in
1009 1205 1107 1265 tertis
1127 1226 1282 1287 persons.

174 1296 276 1355 Grsn.
319 1290 409 1352 Haec
431 1285 560 1370 quidem
581 1284 758 1348 rectissime
772 1285 904 1349 hebent.
950 1286 1046 1371 Quod
1062 1302 1179 1351 autem
1196 1288 1281 1354 idern

175 1376 316 1442 Gesuerus
339 1374 374 1433 in
398 1371 547 1434 versione
567 1368 613 1429 its
635 1368 883 1453 interpretaturi
915 1370 1010 1436 donee
1026 1372 1092 1435 clio
1120 1376 1209 1437 rotie
1230 1374 1283 1437 ridi

170 1462 390 1527 succenturiata
403 1481 424 1517 ιι
438 1459 469 1518 αἰ
479 1479 526 1515 me
543 1452 662 1532 liberet,
686 1469 822 1518 mentem
836 1455 979 1518 Lucinni
991 1456 1157 1540 pervertit
1172 1460 1283 1521 meni-

172 1550 270 1611 festo.
312 1543 397 1606 Nam
417 1539 500 1602 ratio
523 1538 579 1599 ille
601 1559 669 1599 non
690 1538 913 1608 Hermotimo.
943 1540 999 1603 sed
1020 1541 1086 1625 ipsi
1109 1542 1278 1621 Lucisne,

171 1631 240 1693 dici
265 1626 402 1691 debebat
433 1621 681 1687 succenturiata.
726 1621 821 1686 Unde
847 1624 1033 1689 Wielondius
1052 1648 1114 1709 pro
1138 1628 1280 1773 asclepi

169 1714 278 1779 voluit
291 1737 354 1796 μοι,
376 1730 503 1774 sensum
539 1704 648 1768 uidem
663 1721 796 1785 rectum,
818 1708 977 1791 judicium
989 1732 1067 1773 vero
1079 1710 1195 1775 minus
1207 1735 1248 1775 sn

169 1814 295 1877 sctum,
317 1809 457 1859 secutus.
535 1813 614 1877 eque
629 1792 713 1853 eninr
735 1797 804 1855 ullo
823 1792 921 1856 niodo
935 1793 1032 1858 verbs
1048 1800 1189 1881 rnlgsts
1203 1820 1280 1859 rnn-

169 1882 267 1946 trnde
281 1895 366 1947 sunt
389 1882 460 1941 Imo
473 1897 549 1939 vero
566 1878 721 1943 cononice
735 1877 920 1957 tenendum,
941 1878 1039 1941 modo
1053 1901 1095 1942 ne
1110 1902 1190 1943 cunr
1206 1904 1280 1967 ωρι-

86 2086 89 2091 -
167 1958 1279 2137 ttittsitttsstzs2⁸220⁰ttnttt¹2⁰¹¹222⁰'„ittgtt*titt

167 2160 241 2218 σου,
271 2152 304 2198 et
324 2155 450 2198 omnem
469 2135 532 2213 jem
555 2129 747 2191 sententiam
772 2092 824 2191 sic’
841 2130 957 2195 redde:
978 2132 1072 2197 donec
1087 2076 1278 2215 afflietio,

166 2248 280 2287 mecum
284 2221 418 2309 faciens,
427 2241 446 2277 ο
458 2232 510 2276 tua
520 2216 552 2276 vi
563 2237 609 2273 me
620 2213 730 2277 liberet.
755 2214 876 2276 Eadem
891 2238 993 2300 prope
1007 2218 1277 2285 rationedictum

166 2316 268 2387 πᾶσαν
287 2302 477 2370 ἀποκέκλεικέ
497 2323 550 2380 μοι
570 2302 660 2378 (non
683 2324 760 2379 μου,
784 2300 869 2361 sicut
891 2302 926 2362 in
949 2302 1008 2381 C.)
1029 2299 1085 2385 τήν
1102 2300 1276 2373 θάλατταν.

167 2390 266 2477 Quod
282 2402 387 2450 sutem
409 2405 467 2468 pro
482 2378 575 2449 αὐτὸν
602 2382 787 2445 Wielcndius
807 2385 1013 2449 scribendum
1033 2403 1148 2451 censet
1163 2386 1277 2473 esitio,

167 2498 234 2539 non
252 2472 417 2559 perspexit
431 2468 497 2528 vim
510 2466 602 2529 vocis
614 2460 724 2548 αὐτὸν,
770 2491 841 2530 narn
859 2468 1001 2533 Gesnerus
1014 2470 1095 2535 bene
1107 2472 1278 2541 reddidit:

165 2564 219 2647 qui
237 2564 299 2643 ipse
318 2593 362 2606 -
382 2554 543 2641 disseretur.
574 2553 717 2613 Tantum
736 2490 843 2632 diest,
867 2554 931 2617 hoo
950 2560 1021 2617 vult
1040 2556 1220 2639 Lycinus,
1242 2574 1280 2623 nt

166 2646 233 2706 vim
253 2644 315 2705 tibi
336 2642 491 2713 inferam,
516 2651 552 2698 ut
566 2637 637 2720 ipse
656 2653 768 2699 contra
792 2659 809 2699 n
827 2652 859 2701 te
873 2640 940 2701 vim
954 2640 1078 2723 patiar,
1101 2662 1122 2703 s
1136 2664 1204 2731 qua
1221 2666 1279 2729 per

167 2732 262 2791 eliens
277 2728 435 2789 rationem
449 2727 512 2806 jam
528 2743 660 2784 necesse
672 2737 721 2783 est
735 2746 785 2785 me
798 2723 940 2787 liberem.
972 2726 1093 2789 Innu-

251 2812 329 2878 End.
347 2816 369 2873 λ’.
389 2817 438 2877 14.
460 2802 573 2895 Adici)
599 2813 651 2890 Tei
663 2804 742 2895 λόγῳ
760 2829 805 2870 sc.
830 2809 963 2870 Gorrr.

252 2900 330 2981 Peg.
344 2904 395 2966 89.
412 2899 434 2955 l.
449 2901 480 2963 6·
508 2899 557 2981 Τῷ
572 2888 726 2977 τοιούτῳ)
753 2899 801 2979 Τῷ
815 2901 948 2982 κριτικῷ.
983 2894 1121 2959 Gorne-

251 2981 330 3044 Ibid.
355 2982 416 3045 Καὶ
431 2980 641 3061 προθέμενον)
663 2975 882 3058 supplendum
896 2978 929 3043 sd
944 2984 999 3045 dsi-
1024 2980 1164 3050 θοντο.
1209 2988 1279 3051 Εε-

166 3084 222 3132 tue
235 3067 413 3130 Benedictus
430 3078 462 3124 et
477 3061 554 3122 inde
568 3062 647 3124 haec
660 3060 781 3139 editio,
805 3063 995 3149 omnibusque
1009 3068 1041 3125 ιἰτ
1052 3064 1155 3129 medio
1166 3076 1280 3153 positis

169 3152 334 3236 eligendum
348 3176 427 3225 eum,
449 3151 501 3232 qui
514 3144 617 3232 ἄψιν
630 3162 658 3206 et
669 3163 833 3209 cunctatur.
877 3149 980 3211 Recte
997 3148 1182 3231 Obsopoem,
1204 3180 1279 3219 om-

167 3240 254 3301 nitus
268 3242 300 3300 ιἰι
313 3235 441 3297 medium
457 3234 617 3315 propositis
633 3230 737 3312 eligere
749 3248 880 3314 oportere
898 3249 1081 3295 metantem
1094 3250 1124 3295 et
1139 3238 1280 3303 tarden-

166 3338 305 3384 temeto.
336 3320 445 3380 Grion.
489 3317 551 3381 Καὶ
578 3318 769 3400 προθέμενον
793 3312 913 3381 ἅπαντα
935 3322 979 3395 εἰς
1005 3320 1105 3401 μέσον·
1116 3326 1278 3407 αἱρεῖσθαι

167 3406 377 3487 διαμέλλοντα,
405 3403 456 3467 καὶ
480 3398 689 3486 βραδύνοντα,
717 3396 860 3476 πολλάκις
880 3400 1113 3469 ἐπισκοποῦντα.
1167 3408 1278 3473 Inter·

167 3512 259 3579 pres:
282 3488 471 3572 omnibusque
489 3490 521 3549 τίι
535 3486 631 3549 medio
646 3487 753 3569 positis
777 3485 942 3568 eligendum
954 3514 1035 3567 eum,
1058 3491 1111 3575 qui
1125 3488 1239 3579 ἅψει-ι
1251 3510 1278 3557 es

169 3591 341 3654 mactetur,
365 3597 450 3656 saepe
468 3570 705 3655 contmplando.
748 3568 811 3631 Sed
830 3571 1000 3633 Lucienum
1024 3593 1091 3634 non
1106 3592 1277 3641 assecutus

169 3672 227 3725 est.
271 3659 375 3733 Illud,
397 3673 434 3718 ut
455 3671 552 3738 puto,
575 3656 682 3716 voluit
695 3654 867 3719 Luciam:
892 3656 1036 3720 Omnibus
1056 3660 1088 3717 in
1103 3658 1209 3723 medio
1218 3686 1276 3745 po-

168 3746 252 3822 sitis,
276 3760 388 3827 oportet
407 3740 512 3825 eligere
523 3746 742 3816 immorantem,
766 3756 794 3801 et
808 3758 994 3803 euadentem
999 3789 1009 3818 ,
1033 3766 1117 3824 saepe
1130 3748 1277 3809 conside-

168 3846 291 3893 rantem.
337 3831 416 3889 Vult
429 3827 525 3904 enim,
548 3846 615 3887 non
631 3824 829 3886 temerariam
845 3839 879 3886 et
891 3825 1164 3889 inconsideratam
1179 3828 1276 3895 debe·

168 3932 204 3973 re
216 3912 287 3975 fieri
303 3910 486 3974 istiusmodi
500 3912 624 3989 αἵρεσιν.
645 3910 811 3972 Vrrnrrc.
1225 3971 1229 3981 ,

173 4066 177 4079 ,
254 3998 333 4062 Eae.
348 4004 369 4061 1.
384 4004 416 4065 9.
442 3993 519 4072 Τούς
533 3991 762 4083 Ἀρεοπαγίτας)
786 3992 1000 4079 Areopsgitee
1015 3994 1051 4059 in
1065 3996 1275 4085 tenebrisfln·

170 4076 332 4147 dictitent.
354 4082 490 4145 Gurer.
