2634 4680
343 340 384 388 ιν
410 338 534 387 vunan
559 336 766 385 manaurae
794 336 864 388 ara.
891 341 930 386 rr.
1112 321 1189 393 667

45 492 47 505 “
176 483 254 545 Eod.
272 487 295 546 l.
310 491 341 553 9.
361 479 433 549 Ἀπ’
457 481 575 572 αὐτοῖν)
597 483 648 543 Ita
667 482 883 556 restituimus,
906 483 1092 549 auctoribus
1106 487 1188 548 Mas.

92 571 194 655 Regg.
214 575 308 640 2954.
331 573 364 632 'et
385 566 479 640 8011.
530 566 807 631 Desiderabantur
827 567 912 629 enim
938 568 974 627 iu
998 567 1082 631 Edd.
1106 568 1189 645 duae
1298 596 1305 617 ·

91 654 151 715 bae
171 675 276 716 voces.
299 656 374 719 Bra.
423 657 583 736 Repertse
605 649 733 713 eaedem
756 650 853 713 stiam
878 652 914 712 in
931 651 1034 715 Codd.
1048 655 1134 738 Aug,
1154 668 1189 716 et

91 740 180 804 Gorl.
196 761 299 824 neque
316 739 395 800 adso
410 753 528 800 temere
543 758 607 814 eas,
622 734 898 813 monenteleino,
915 735 1044 799 admisit
1053 738 1192 801 Sabmie-

90 823 186 885 decus.
230 823 292 887 Sed
310 823 397 906 quod
414 823 538 884 Belinos
561 842 619 903 pro
635 816 809 896 deasciato,
833 820 947 881 invitis
964 820 1141 885 Codicibus
1155 837 1190 885 et

89 907 174 969 Edd.
193 908 357 985 omnibus,
382 910 482 991 magis
499 908 606 968 Attice
620 905 717 966 scribi
732 910 802 966 vult
816 897 981 992 dvsaqirro.
1003 921 1108 987 certe,
1129 929 1191 967 au·
1265 904 1276 925 ⁴

89 1005 214 1073 tequam
230 993 293 1053 hoc
309 991 414 1063 fieret,
438 1014 533 1075 supra
547 1012 573 1056 c.
590 999 620 1057 1.
635 991 774 1069 ίκαίομεν
786 1005 819 1051 ct
833 1011 859 1051 c.
873 998 904 1056 2.
919 987 1117 1069 ἀνακαίοντες
1123 1040 1134 1071 ,
1155 992 1201 1055 et¹

89 1075 176 1136 libro
192 1078 217 1141 I.
233 1098 303 1159 cap.
321 1084 372 1144 40.
389 1081 521 1153 ἐκαίετο,
546 1075 665 1158 corrigi
682 1073 866 1135 debuerant.
888 1076 1009 1137 Lunna.

173 1161 350 1228 Duil-10.
375 1160 461 1226 Karai
483 1158 588 1241 δὲτὴν
609 1154 758 1241 προίραν)
781 1157 949 1219 Proditum
971 1173 1052 1219 esta
1068 1160 1191 1223 veteti-
1290 1238 1294 1243 ι

89 1241 147 1302 bus
166 1248 290 1326 poetis.
314 1267 382 1307 esse
406 1246 555 1331 quasdam
575 1244 610 1303 in
636 1243 768 1305 Oceano
794 1243 936 1321 insulas,
958 1242 999 1303 ad
1018 1262 1095 1324 quas
1115 1260 1191 1325 post

90 1345 223 1391 mortem
248 1331 436 1392 deferuntur
461 1351 570 1391 eorum
593 1330 733 1403 animae,
763 1329 821 1412 qui
844 1341 952 1390 sancte
975 1331 1191 1417 religioseque

90 1412 249 1485 vixerint;
275 1414 398 1478 Homer.
413 1416 543 1478 Luciam.
565 1413 737 1476 deLuctu.
762 1416 873 1475 Goon.
926 1466 930 1471 ,
1004 1430 1008 1471 ῖ

172 1498 353 1575 Ead.l.18.
373 1498 562 1582 Ἡρόδοτος)
584 1497 732 1561 Ηττοιίοτ.
749 1498 811 1559 ΙΙΙ.
830 1518 863 1580 p.
873 1504 945 1567 123.
967 1495 1099 1561 Souara.
1130 1496 1191 1559 Est

87 1580 166 1643 libri
180 1583 244 1646 ΙΙΙ.
264 1600 361 1664 caput
379 1594 448 1654 113,
471 1587 591 1646 Lunna.
859 1632 863 1638 .
1181 1614 1184 1619 ·

175 1668 451 1751 Pag.280.1.10.
477 1666 691 1752 Ἐντηρεμίοις)
721 1667 915 1751 Quanquam
944 1667 1030 1729 enim
1059 1688 1125 1728 vox
1146 1666 1192 1731 tit

89 1751 247 1831 insolens,
274 1754 438 1833 aptissima
464 1753 601 1818 videtur.
648 1754 754 1816 Verbo
776 1754 930 1833 ίιτηριμίω
941 1752 1049 1811 utitur
1063 1752 1190 1815 Amorr-

89 1859 158 1918 cap.
174 1842 227 1905 45.
273 1836 367 1899 Certe
383 1838 518 1900 ridicule
536 1853 629 1899 antes
646 1839 810 1922 legebatur
822 1852 854 1895 et
869 1835 1053 1897 vertebatur
1069 1835 1123 1897 bic
1137 1840 1192 1897 lo-

89 1943 162 1995 cus,
186 1914 236 1986 ἐπ’
253 1923 394 2001 ἐρημίας,
417 1927 449 1984 ia
471 1922 600 1984 desertis.¹
624 1926 752 1986 sonan.
798 1921 931 2001 Optime
945 1918 1024 1981 haec
1039 1920 1192 1982 refutan-¹

89 2019 143 2062 tur
163 2006 222 2080 iis,
245 2027 328 2086 quae
352 2009 385 2069 in
408 2008 555 2091 sequenti
581 2023 658 2068 nota
676 2007 818 2069 Gesnsrus
834 2019 960 2081 monet,
984 2026 1056 2064 cum
1072 2005 1190 2086 quibus

90 2103 122 2148 et
139 2089 324 2151 Wielamlius
339 2092 512 2154 consentit.
556 2093 610 2153 De
623 2091 715 2151 tibiis
733 2091 874 2174 obliquis
889 2089 966 2152 vide
983 2089 1135 2176 Sclrafferg
1149 2087 1191 2151 ad

89 2174 265 2257 Longill.
283 2198 315 2258 p.
333 2185 404 2245 332.
423 2198 469 2258 sq.
500 2179 618 2237 Ianuar.
1130 2222 1135 2233 ·

173 2258 252 2319 Eud·
271 2265 292 2320 l·
311 2271 359 2328 11.
386 2265 528 2345 Πλαγίοιν
547 2257 671 2340 oritoiv)
692 2263 782 2320 Dum
803 2258 882 2338 quis·
900 2259 1034 2320 meliora
1058 2280 1110 2321 me
1128 2256 1192 2325 do·

90 2357 178 2416 cest,
202 2344 353 2430 intelligo
367 2346 487 2407 fistulas
505 2345 671 2429 obliquas,
699 2345 917 2430 Quemfaffin,
939 2345 1051 2427 (Belg.
1064 2346 1193 2407 Duram-

83 2432 214 2511 βαίνοι)
224 2475 234 2505 ,
255 2451 423 2512 suspensas
439 2430 509 2492 voti
524 2452 634 2491 caussa
651 2455 668 2492 a
688 2429 873 2512 pastoribus
896 2430 1027 2489 inlunis
1046 2427 1190 2508 desertis,

91 2513 269 2592 specubus,
284 2516 479 2596 arboribus,
503 2536 582 2597 quas
599 2537 714 2575 sonum
726 2534 802 2574 aura
818 2512 962 2593 spirante
975 2513 1084 2590 edere,
1104 2512 1192 2577 nihil

91 2596 236 2674 impedit.
279 2601 374 2658 Tales
398 2615 474 2660 sunt
496 2597 580 2679 apud
601 2601 741 2680 Longum
763 2598 888 2659 Pastor.
910 2597 968 2662 lib.
985 2599 1013 2658 Ι.
1039 2603 1122 2680 p.6,
1139 2606 1190 2667 19.

91 2678 148 2735 ubi
166 2681 199 2737 in
214 2695 307 2741 antro
326 2678 475 2747 ἇνίκειντο
491 2678 577 2747 adlol
591 2680 728 2766 πλάγιοι,
750 2683 801 2744 καὶ
816 2677 970 2764 σύριγγες,
992 2684 1045 2747 καὶ
1060 2681 1192 2764 κάλαμοι

90 2767 299 2846 πρεσβυτέρων
314 2769 467 2848 ποιμένων
483 2764 678 2848 ἀναθήματα.-
720 2767 815 2825 Plura
829 2763 878 2824 ibi
892 2766 1031 2828 Mallius.
1055 2766 1160 2827 Gau.
1181 2776 1184 2781 '

176 2848 256 2910 laist.
289 2848 354 2931 Βοὴ
376 2850 459 2935 etc.)
489 2852 586 2911 Hunc
607 2853 711 2913 etiam
733 2854 841 2910 locum
865 2849 900 2908 in
923 2849 1190 2930 depravatissimo
1255 2847 1280 2879 ’·

90 2930 213 2994 Codice
237 2938 356 3015 legerat
371 2937 502 2998 Thomas
517 2937 680 3018 Magister,
704 2955 797 3021 quem
817 2932 893 2995 vide
905 2934 939 2993 iu
963 2956 1042 2996 voce
1061 2930 1191 3012 ἇθρόος.

90 3019 206 3076 Nostri
215 3017 351 3080 Codices
365 3041 431 3080 non
447 3018 574 3104 ἅθρους,
590 3019 645 3082 sed
660 3014 697 3085 οὗ
709 3016 894 3101 θορυβώδης
906 3017 1036 3087 habeut.
1059 3022 1190 3082 sorau.

80 3098 221 3183 ’Ἀθρους
235 3102 381 3185 quidem,
407 3120 442 3164 ut
456 3106 490 3165 iu
509 3107 642 3167 Tbomoe
655 3107 744 3187 Mag.
764 3102 903 3178 Codice,
922 3105 1014 3166 itaet
1029 3105 1064 3165 in
1073 3104 1191 3169 Parias.

90 3186 357 3264 deprehenditur;
384 3188 485 3272 idque
497 3189 633 3253 mirifice
646 3190 754 3251 Beliao
772 3188 950 3268 probatum.
995 3190 1067 3274 Ego
1084 3204 1192 3253 tamen

90 3286 257 3351 suspectae
281 3293 348 3332 eam
367 3295 476 3337 vocem
497 3274 701 3335 auctoritatis
723 3274 835 3338 habeo.
879 3277 1078 3335 Alterutrum
1092 3273 1190 3350 enisu,

91 3370 148 3414 aut
174 3355 309 3438 ἅθρους,
334 3372 404 3437 aut,
438 3358 525 3444 quod
546 3358 631 3421 idem
651 3380 781 3440 prorsus
806 3362 908 3435 valet,
930 3352 972 3424 ari
990 3357 1190 3442 θορυβώδης,

90 3440 269 3501 tollendum
285 3463 371 3521 essa,
395 3465 489 3504 nemo
507 3465 573 3505 non
596 3444 692 3505 facile
713 3441 814 3505 videt.
857 3443 961 3527 Atqui
986 3439 1024 3508 osi
1043 3438 1193 3526 θορυβοί-

91 3529 146 3605 ὂης
162 3524 262 3586 deleri
277 3528 391 3608 nequit
407 3528 448 3589 ob
466 3528 643 3611 sequentia.
689 3530 775 3609 Ergo
792 3526 912 3612 ἄθρους
925 3525 1114 3606 delendum,
1137 3526 1193 3593 id-

93 3630 155 3692 que
174 3613 373 3693 glossematis
391 3614 531 3678 nomine.
554 3615 673 3675 Larrnr.
1120 3629 1125 3645 ¹
1284 3632 1290 3641 “

176 3694 254 3754 Ead-
273 3699 295 3755 l·
318 3704 367 3763 14.
393 3693 596 3775 Κροτοῦντου
614 3697 692 3782 πρὸς
708 3690 803 3762 οὖλον
820 3693 1012 3782 ἢκιθίιραν)
1033 3695 1111 3758 Nou
1131 3693 1191 3757 dc-

93 3777 165 3838 buit
178 3781 260 3839 verti
268 3822 278 3850 ,
299 3780 341 3840 od
355 3782 458 3842 tibiam
477 3782 525 3843 ael
536 3784 683 3844 citharam
703 3782 835 3861 soltant5
856 3782 1060 3865 nequeenim
1073 3790 1193 3861 κροτεῖν

93 3876 141 3920 est
156 3867 286 3927 saltare:
310 3880 343 3925 et
356 3882 440 3927 certe
456 3881 523 3926 erat
541 3886 672 3950 quoque
688 3867 870 3929 modulatus
883 3872 1024 3948 plausus.
1068 3866 1192 3950 Utique

93 3959 126 4004 et
152 3947 186 4005 in
210 3948 439 4010 Pseudomanti
462 3948 629 4033 κυμβάλοις
651 3959 820 4035 κροτοῦντα
842 3953 1071 4033 iuterpretatur
1090 3952 1193 4023 Berse—

96 4028 193 4090 dictus
209 4033 344 4117 symbolo
361 4034 545 4117 pulsantem,
571 4038 640 4098 sins
663 4038 827 4099 mentions
847 4035 1003 4112 saltandi3
1026 4051 1058 4098 et
1073 4037 1108 4096 in
1123 4036 1192 4095 Sal·

95 4114 220 4178 tations
242 4127 413 4201 τροτοῦντοι
432 4146 462 4188 τε
482 4124 603 4205 aporire
624 4124 678 4188 καὶ
702 4124 846 4200 decalvatae
865 4117 1110 4210 &samardacos
1129 4120 1193 4187 5⁸⁸·
