2634 4680
295 292 902 359 rurrenn'orruust.
1079 280 1154 362 461

55 456 159 539 perite
173 452 450 538 Pythagoreorum
475 450 685 533 symbolicam
706 451 839 536 liguram
855 434 894 513 in*
905 453 970 515 Pro
985 436 1082 536 Lapa.
1097 414 1164 517 de-'¹

54 540 219 623 scripserit
232 561 258 604 o.
274 546 305 608 5.
333 537 418 598 Vide
439 536 554 612 stiam,
587 556 682 619 quam
702 537 834 621 iniquus
854 539 898 599 'sit
914 539 957 615 dn
973 538 1060 599 viros
1082 539 1158 602 illos

53 647 208 702 summos,
242 624 299 706 qui
320 621 488 685 Muthesin
510 625 742 699 excoluerunt,
764 621 866 704 Hipp.
889 642 957 704 cap.
976 631 1005 692 3.
1029 623 1157 687 Sonus.

53 711 239 792 Imperitiae
254 708 381 792 quidem
398 722 429 769 et
444 705 649 792 ignorantiae
661 728 765 770 rernm
782 709 1054 790 geometricorum,
1084 729 1160 770 uam

55 811 88 857 et
114 793 300 856 Wselarrdius
323 792 362 852 ad
384 791 416 851 b.
437 796 459 853 l.
484 791 624 852 Lucieno
644 790 724 852 satis
747 790 947 854 confidenter
969 730 1158 874 ciprobrat,

55 878 205 962 equidem
224 879 367 961 ingenus
381 878 485 938 fateor
498 877 720 937 testimouium
738 877 772 935 in
785 874 849 936 boc
871 877 1013 937 auctoris
1031 877 1158 958 judicio

54 988 104 1025 me
120 985 186 1024 non
200 963 349 1024 iuvenire
363 982 466 1044 posse.
511 960 636 1022 Callide
654 961 739 1023 enim
758 974 894 1021 noverat
910 960 1084 1033 Euclideas
1099 961 1163 1024 de-

56 1049 241 1124 finitiones,
267 1047 385 1129 quibus
406 1048 557 1108 universa
577 1045 751 1130 geometria
773 1060 926 1128 tanquam
945 1044 1158 1109 fundamento

56 1156 134 1209 suo,
158 1147 225 1192 tum
239 1153 256 1191 a
271 1130 431 1192 veteribus
444 1131 511 1192 fere
523 1129 786 1205 Mathematicis,
809 1128 1011 1191 inaedificari
1025 1131 1159 1208 solebat,¹

57 1234 125 1277 tum
140 1217 237 1279 etiam
253 1239 269 1276 a
285 1216 445 1298 plerisque
462 1214 692 1278 hodiernorum
707 1219 800 1275 solet.
842 1213 961 1296 Neque
982 1228 1048 1292 est,
1073 1216 1161 1297 quod

57 1301 221 1362 credamus
246 1301 360 1361 altiora
384 1322 455 1362 eum
476 1299 574 1382 hujus
604 1298 798 1382 disciplinae
824 1297 951 1360 deo'rets
979 1299 1162 1382 ignorasse,

58 1409 154 1469 quum
171 1386 205 1445 id
222 1386 326 1468 ipsum
340 1385 374 1446 h.
389 1389 411 1445 1.
429 1386 523 1446 abeo
541 1384 762 1465 vituperetur,
786 1382 873 1470 quod
893 1403 911 1442 s
929 1384 1017 1444 falsis
1039 1385 1162 1466 princi·

59 1472 124 1552 piis
142 1475 238 1554 vulgo
255 1469 442 1552 geometrici
458 1469 598 1553 profecti
613 1488 708 1549 saepe
729 1467 780 1530 his
807 1469 899 1528 falsis
917 1469 998 1530 falsa
1023 1469 1084 1529 slia
1101 1469 1162 1530 sd-

61 1570 211 1631 nectant,
236 1555 281 1614 ita
297 1569 421 1632 tamen,
443 1570 481 1614 ut
494 1568 579 1615 recte
594 1558 784 1623 alterum‚ex
800 1558 925 1631 altero,¹
951 1568 985 1614 et
1002 1574 1079 1615 vero
1101 1575 1164 1615 ne-

63 1642 214 1716 cessario,
238 1641 392 1721 consequi
405 1639 563 1700 videatur.
608 1637 706 1720 Quid,
732 1637 820 1721 quod
835 1658 901 1709 nou
913 1643 1048 1698 multum
1065 1638 1165 1718 sbest,

63 1727 143 1806 quin
160 1725 242 1783 mihi
259 1723 482 1804 persuadeam,
515 1722 698 1783 Lucienum
718 1738 881 1801 nostrum,
911 1725 972 1785 etsi
993 1744 1065 1791 raro
1086 1722 1167 1785 Mass

64 1810 253 1870 thematices
270 1810 463 1870 mentionem
479 1806 625 1889 injiciat,
650 1807 834 1886 peritiorem
855 1820 942 1868 certe
958 1813 1027 1868 c‘us
1043 1809 1163 1887 inisse,

63 1916 176 1974 quam,
200 1893 256 1974 qui
271 1914 341 1952 eum
359 1907 422 1950 tam
437 1892 578 1976 graviter
591 1906 765 1970 notarunt,
789 1891 933 1952 Selorum
990 1891 1166 1956 islandiam·

63 1999 136 2059 que.
181 1979 281 2037 Recte
294 1976 378 2036 enim
394 1977 449 2038 ille
463 1975 564 2047 vidit,
590 1975 677 2059 quod
689 1975 724 2034 hi
738 1997 804 2036 uon
819 1975 988 2057 viderunt,
1009 1977 1086 2039 licet
1099 2001 1166 2040 mo-

62 2061 144 2137 niti,
165 2077 307 2143 punctum
324 2081 352 2122 e.
369 2081 478 2143 gnon
495 2059 624 2122 definiri
640 2081 733 2142 posse
746 2061 851 2122 lineae
863 2075 1005 2142 purtem,
1028 2063 1082 2123 cui
1099 2063 1163 2146 ipsi

62 2151 152 2205 nulla
164 2147 206 2205 sit
219 2166 289 2226 pars
304 2140 473 2229 (α’μερής),
498 2149 549 2207 vel
565 2167 646 2228 quae
661 2144 766 2206 dividi
781 2167 846 2205 non
861 2148 983 2228 possit;
1009 2149 1169 2230 quoniam.

62 2231 110 2289 sic
126 2244 280 2309 punctum
298 2251 315 2288 e
332 2229 450 2292 finibus
467 2230 675 2314 geometriae,
707 2231 741 2290 iu
758 2250 821 2313 qua
838 2228 878 2290 de
895 2231 989 2291 rebus
1004 2251 1164 2294 mensura·

62 2314 203 2390 bilibus,
227 2334 303 2396 ergo
323 2313 361 2375 de
386 2315 610 2392 sensibilibus,
634 2317 762 2399 agitur,
792 2336 924 2398 prorsus
947 2321 1111 2400 relegatur
1128 2316 1165 2376 in

61 2400 245 2483 regionem,
271 2419 352 2480 quae
369 2405 497 2462 omnem
509 2421 659 2460 sensuum
683 2401 782 2461 aciem
807 2398 946 2463 exdedit.
990 2401 1079 2463 Putre
1100 2403 1167 2463 ita-
1248 2407 1251 2413 '

64 2506 126 2565 que
142 2506 218 2544 ssoe
235 2482 301 2542 dici
318 2499 443 2561 poteret
460 2486 654 2568 geometriae
659 2484 894 2571 flindumerrtum
911 2485 1054 2570 (σαθρὸν
1073 2489 1167 2569 θεμέ-

61 2574 144 2643 λιον)
161 2583 192 2627 et
211 2587 293 2649 quae
311 2567 389 2628 hino
403 2568 651 2646 concluduntur,
676 2585 730 2630 sut
746 2571 825 2630 falsa
843 2585 931 2647 sunt,
955 2587 1023 2650 sut,
1047 2573 1168 2634 sivero

62 2666 138 2712 sunt
154 2674 210 2730 per
226 2673 278 2729 se,
301 2653 392 2713 illinc
409 2669 493 2716 certe
507 2675 572 2714 nou
589 2669 943 2738 recte-consequuntur.
967 2657 1023 2718 Sic
1039 2658 1105 2719 iere
1121 2673 1169 2719 et·

65 2739 127 2796 iarn
142 2736 265 2796 Belinus
279 2733 318 2796 de
343 2736 403 2796 hac
418 2737 558 2798 auctoris
579 2739 740 2799 sententis
761 2738 896 2820 judicat.
942 2738 1041 2822 Quod
1062 2756 1168 2803 sutem

64 2819 282 2880 nechclidis
296 2823 518 2882 auctoritatem
533 2836 642 2883 noster
659 2822 708 2882 ita'
720 2836 893 2899 reveretur,
916 2827 1001 2904 urei
1017 2839 1107 2887 totus
1122 2847 1170 2887 as-

64 2907 239 2979 sentiatur,
263 2904 296 2963 id
315 2927 380 2966 non
403 2906 568 2989 intelligo,
601 2905 764 2988 quomodo
784 2907 900 2967 mirum
922 2907 1041 2970 habere
1063 2912 1171 2992 possit
1240 2946 1246 2959 »

65 3014 149 3062 eum,
174 2991 228 3074 qui
246 2989 332 3050 hunc
348 2991 534 3072 scriptorem
551 2993 640 3051 norit
660 2991 742 3052 nulli
759 2991 977 3075 qualicunque
993 2995 1170 3073 formulae,

67 3075 123 3139 sed
144 3076 246 3136 solius
271 3095 366 3134 sanae
388 3075 524 3136 rationis
540 3075 663 3154 effatis,
689 3075 863 3138 addictum.
907 3079 1018 3140 Miror
1039 3094 1172 3151 contra,

67 3162 102 3218 in
117 3159 177 3219 hac
193 3161 262 3242 ipsa
286 3161 482 3236 certissima,
507 3182 600 3260 quarn
621 3161 752 3223 Solunus
772 3177 888 3237 vocat,
913 3162 1086 3247 disciplina
1110 3163 1171 3224 bos

66 3245 221 3319 Euclidr's,
245 3265 337 3328 quem
360 3260 550 3326 ceteroquin
573 3247 704 3306 maximi
718 3266 842 3326 semper
862 3248 949 3326 feci,
974 3269 1096 3310 errores
1113 3268 1174 3331 per

68 3345 119 3390 tot
133 3335 239 3389 secula
254 3350 270 3387 a
286 3329 569 3412 praestratissimis
584 3353 648 3414 quo
673 3354 713 3394 ue
725 3330 968 3393 Mathematiois
980 3333 1102 3415 accipi,
1125 3348 1173 3392 to·

68 3414 138 3475 neri
156 3428 187 3474 et
203 3413 287 3473 tradi
302 3415 459 3496 potuisse.
504 3417 594 3478 Haec
613 3415 651 3478 de
688 3420 735 3480 .1.
751 3416 837 3478 dicte
851 3415 1024 3478 sufficiant.
1067 3416 1172 3501 Quem

69 3501 266 3580 superiorem
280 3503 386 3560 locum
403 3502 465 3560 Pro
480 3501 578 3584 Laps.
594 3506 623 3570 6.
638 3500 768 3563 &lenus
780 3501 815 3561 iu
830 3502 1013 3565 memoriam
1027 3516 1171 3578 revocat,

69 3583 156 3643 unde
170 3584 314 3643 Luciaui
330 3585 491 3666 imperitia
510 3587 701 3670 geometriae
722 3584 974 3664 demonstretur,
997 3605 1104 3668 neque
1126 3586 1172 3648 il-

67 3665 402 3748 liucprobaturmihi
427 3669 555 3752 quidem
583 3669 636 3748 id,
667 3669 846 3754 quodvult
869 3670 1008 3734 Solam
1050 3672 1173 3734 Penta·

70 3771 243 3831 graminum
268 3754 353 3813 euim
377 3755 459 3814 illud
481 3754 721 3841 Pythagoreum
750 3754 891 3817 breviter
913 3754 1040 3840 quidem
1064 3755 1112 3817 ibi
1131 3756 1171 3820 ab

70 3849 202 3896 auctore
215 3835 423 3917 describitur,
447 3845 498 3900 vel
512 3840 624 3922 potius
639 3837 793 3900 adnuitur
805 3853 952 3917 tanturn,
981 3855 1019 3901 ut
1036 3840 1077 3902 ad
1098 3864 1171 3904 eum

71 3924 237 3995 lectorem,
261 3924 314 3983 cui
327 3923 419 4004 plurs'
435 3923 499 3984 dici
513 3945 580 3985 non
593 3945 674 4007 opus
688 3937 780 4002 esset,
803 3923 860 3986 sed
874 3938 978 3987 tsmeu
992 3947 1059 3987 non
1076 3928 1171 4005 falso,

69 4024 130 4062 nec
147 4002 301 4081 obscure,
324 4007 359 4066 id
375 4009 496 4068 factum
508 4008 678 4092 largietur,
708 4007 737 4068 si
755 4009 828 4091 quis
843 4029 908 4069 nou
927 4014 1024 4092 plane
1040 4015 1109 4094 ejus
1123 4011 1171 4072 rei

67 4086 226 4149 aitrudis.
260 4091 313 4154 De
326 4094 470 4177 Hippiae
486 4108 592 4156 autem
605 4097 680 4157 loco
695 4116 720 4160 c.
734 4102 754 4163 3
769 4093 825 4156 ubi
840 4094 1026 4180 iniquitatis
1039 4097 1073 4157 iu
1087 4116 1171 4159 sum·
