<?xml version="1.0" encoding="UTF-8"?>
<!DOCTYPE html PUBLIC "-//W3C//DTD XHTML 1.0 Transitional//EN"
    "http://www.w3.org/TR/xhtml1/DTD/xhtml1-transitional.dtd">
<html xmlns="http://www.w3.org/1999/xhtml" xml:lang="en" lang="en">
 <head>
  <title>
</title>
<meta http-equiv="Content-Type" content="text/html;charset=utf-8" />
  <meta name='ocr-system' content='tesseract 3.04.00' />
  <meta name='ocr-capabilities' content='ocr_page ocr_carea ocr_par ocr_line ocrx_word'/>
</head>
<body>
  <div class='ocr_page' id='page_1' title='image "./lucianisamosate00lehmgoog_0566.png"; bbox 0 0 2634 4680; ppageno 0'>
   <div class='ocr_carea' id='block_1_1' title="bbox 202 250 1225 363">
    <p class='ocr_par' dir='ltr' id='par_1_1' title="bbox 202 250 1225 363">
     <span class='ocr_line' id='line_1_1' title="bbox 202 250 1225 363; baseline 0.001 -21"><span class='ocrx_word' id='word_1_1' title='bbox 202 295 245 363; x_wconf 82' lang='lat' dir='ltr'><strong>ru</strong></span> <span class='ocrx_word' id='word_1_2' title='bbox 273 291 453 351; x_wconf 83' lang='lat' dir='ltr'><strong>ouonouo</strong></span> <span class='ocrx_word' id='word_1_3' title='bbox 480 250 661 337; x_wconf 76' lang='lat' dir='ltr'><strong>nrsronra</strong></span> <span class='ocrx_word' id='word_1_4' title='bbox 688 288 745 335; x_wconf 75' lang='lat' dir='ltr'><strong>sir</strong></span> <span class='ocrx_word' id='word_1_5' title='bbox 771 289 921 339; x_wconf 82' lang='lat' dir='ltr'><strong>consen.</strong></span> <span class='ocrx_word' id='word_1_6' title='bbox 1035 264 1112 343; x_wconf 83' lang='lat'><strong>557</strong></span> <span class='ocrx_word' id='word_1_7' title='bbox 1222 344 1225 349; x_wconf 82' lang='grc'><strong><em>,</em></strong></span> 
     </span>
    </p>
   </div>
   <div class='ocr_carea' id='block_1_2' title="bbox 57 433 1118 1277">
    <p class='ocr_par' dir='ltr' id='par_1_2' title="bbox 57 433 1118 1277">
     <span class='ocr_line' id='line_1_2' title="bbox 100 433 1112 522; baseline -0.012 -16"><span class='ocrx_word' id='word_1_8' title='bbox 100 433 534 522; x_wconf 68' lang='grc' dir='ltr'><strong><em>Εαδ.]·1θ.Ἀρχιτε’κτονος)</em></strong></span> <span class='ocrx_word' id='word_1_9' title='bbox 564 433 755 497; x_wconf 86' lang='lat' dir='ltr'><strong>Dinocratis</strong></span> <span class='ocrx_word' id='word_1_10' title='bbox 775 434 918 509; x_wconf 81' lang='lat' dir='ltr'><strong>scilicet,</strong></span> <span class='ocrx_word' id='word_1_11' title='bbox 947 438 1039 515; x_wconf 73' lang='lat' dir='ltr'><strong>cujus</strong></span> <span class='ocrx_word' id='word_1_12' title='bbox 1061 437 1112 497; x_wconf 83' lang='lat' dir='ltr'><strong>hi.</strong></span> 
     </span>
     <span class='ocr_line' id='line_1_3' title="bbox 57 518 1112 606; baseline -0.004 -19"><span class='ocrx_word' id='word_1_13' title='bbox 57 526 117 587; x_wconf 79' lang='lat' dir='ltr'><strong>&gt;ria</strong></span> <span class='ocrx_word' id='word_1_14' title='bbox 134 525 216 584; x_wconf 86' lang='lat' dir='ltr'><strong>scitu</strong></span> <span class='ocrx_word' id='word_1_15' title='bbox 233 523 341 606; x_wconf 84' lang='lat' dir='ltr'><strong>digna.</strong></span> <span class='ocrx_word' id='word_1_16' title='bbox 385 523 418 583; x_wconf 87' lang='lat' dir='ltr'><strong>Is</strong></span> <span class='ocrx_word' id='word_1_17' title='bbox 439 543 510 581; x_wconf 79' lang='lat' dir='ltr'><strong>cum</strong></span> <span class='ocrx_word' id='word_1_18' title='bbox 532 518 717 581; x_wconf 84' lang='lat' dir='ltr'><strong>Alexandro</strong></span> <span class='ocrx_word' id='word_1_19' title='bbox 739 519 941 580; x_wconf 84' lang='lat' dir='ltr'><strong>innotescere</strong></span> <span class='ocrx_word' id='word_1_20' title='bbox 964 538 1112 604; x_wconf 83' lang='lat' dir='ltr'><strong>cuperet,</strong></span> 
     </span>
     <span class='ocr_line' id='line_1_4' title="bbox 61 600 1113 687; baseline -0.004 -15"><span class='ocrx_word' id='word_1_21' title='bbox 61 634 78 672; x_wconf 88' lang='grc' dir='ltr'><strong><em>ο</em></strong></span> <span class='ocrx_word' id='word_1_22' title='bbox 96 610 221 670; x_wconf 85' lang='lat' dir='ltr'><strong>facilem</strong></span> <span class='ocrx_word' id='word_1_23' title='bbox 239 608 279 666; x_wconf 88' lang='lat' dir='ltr'><strong>ad</strong></span> <span class='ocrx_word' id='word_1_24' title='bbox 296 629 366 667; x_wconf 88' lang='lat' dir='ltr'><strong>eum</strong></span> <span class='ocrx_word' id='word_1_25' title='bbox 380 605 502 666; x_wconf 85' lang='lat' dir='ltr'><strong>aditum</strong></span> <span class='ocrx_word' id='word_1_26' title='bbox 518 604 689 687; x_wconf 80' lang='lat' dir='ltr'><strong>reperiret,</strong></span> <span class='ocrx_word' id='word_1_27' title='bbox 721 600 760 660; x_wconf 89' lang='lat' dir='ltr'><strong>ad</strong></span> <span class='ocrx_word' id='word_1_28' title='bbox 774 601 858 662; x_wconf 86' lang='lat' dir='ltr'><strong>hanc</strong></span> <span class='ocrx_word' id='word_1_29' title='bbox 871 603 998 665; x_wconf 88' lang='lat' dir='ltr'><strong>tandem</strong></span> <span class='ocrx_word' id='word_1_30' title='bbox 1014 621 1113 668; x_wconf 87' lang='lat' dir='ltr'><strong>artem</strong></span> 
     </span>
     <span class='ocr_line' id='line_1_5' title="bbox 60 684 1116 788; baseline 0.001 -35"><span class='ocrx_word' id='word_1_31' title='bbox 60 694 178 775; x_wconf 80' lang='lat' dir='ltr'><strong>nfugit.</strong></span> <span class='ocrx_word' id='word_1_32' title='bbox 222 692 347 751; x_wconf 77' lang='lat' dir='ltr'><strong>Unctus</strong></span> <span class='ocrx_word' id='word_1_33' title='bbox 366 706 398 751; x_wconf 87' lang='lat' dir='ltr'><strong>et</strong></span> <span class='ocrx_word' id='word_1_34' title='bbox 415 711 532 751; x_wconf 82' lang='lat' dir='ltr'><strong>corona</strong></span> <span class='ocrx_word' id='word_1_35' title='bbox 551 692 690 788; x_wconf 85' lang='lat' dir='ltr'><strong>populea</strong></span> <span class='ocrx_word' id='word_1_36' title='bbox 709 684 892 763; x_wconf 85' lang='lat' dir='ltr'><strong>redimitus,</strong></span> <span class='ocrx_word' id='word_1_37' title='bbox 924 693 1038 770; x_wconf 89' lang='lat' dir='ltr'><strong>pellem</strong></span> <span class='ocrx_word' id='word_1_38' title='bbox 1063 707 1116 753; x_wconf 86' lang='lat' dir='ltr'><strong>et-</strong></span> 
     </span>
     <span class='ocr_line' id='line_1_6' title="bbox 57 770 1114 854; baseline -0.003 -15"><span class='ocrx_word' id='word_1_39' title='bbox 57 803 82 839; x_wconf 90' lang='lat' dir='ltr'><strong>m</strong></span> <span class='ocrx_word' id='word_1_40' title='bbox 100 778 261 837; x_wconf 85' lang='lat' dir='ltr'><strong>leoninam</strong></span> <span class='ocrx_word' id='word_1_41' title='bbox 272 821 283 850; x_wconf 92' lang='lat'><em>,</em></span> <span class='ocrx_word' id='word_1_42' title='bbox 309 790 430 837; x_wconf 88' lang='lat' dir='ltr'><strong>caetera</strong></span> <span class='ocrx_word' id='word_1_43' title='bbox 447 773 571 849; x_wconf 86' lang='lat' dir='ltr'><strong>nudus,</strong></span> <span class='ocrx_word' id='word_1_44' title='bbox 595 770 723 832; x_wconf 84' lang='lat' dir='ltr'><strong>anduits</strong></span> <span class='ocrx_word' id='word_1_45' title='bbox 747 791 848 854; x_wconf 81' lang='lat' dir='ltr'><strong>eoque</strong></span> <span class='ocrx_word' id='word_1_46' title='bbox 869 788 984 832; x_wconf 89' lang='lat' dir='ltr'><strong>ornatu</strong></span> <span class='ocrx_word' id='word_1_47' title='bbox 1006 779 1114 836; x_wconf 88' lang='lat' dir='ltr'><strong>locum</strong></span> 
     </span>
     <span class='ocr_line' id='line_1_7' title="bbox 57 854 1117 945; baseline -0.001 -24"><span class='ocrx_word' id='word_1_48' title='bbox 57 863 118 937; x_wconf 76' lang='lat' dir='ltr'><strong>ait,</strong></span> <span class='ocrx_word' id='word_1_49' title='bbox 143 883 203 945; x_wconf 89' lang='lat' dir='ltr'><strong>qua</strong></span> <span class='ocrx_word' id='word_1_50' title='bbox 224 858 407 919; x_wconf 87' lang='lat' dir='ltr'><strong>Alexandro</strong></span> <span class='ocrx_word' id='word_1_51' title='bbox 431 858 493 919; x_wconf 88' lang='lat' dir='ltr'><strong>iter</strong></span> <span class='ocrx_word' id='word_1_52' title='bbox 506 859 650 917; x_wconf 83' lang='lat' dir='ltr'><strong>futurum</strong></span> <span class='ocrx_word' id='word_1_53' title='bbox 669 854 799 919; x_wconf 88' lang='lat' dir='ltr'><strong>sciebat.</strong></span> <span class='ocrx_word' id='word_1_54' title='bbox 843 856 893 916; x_wconf 83' lang='lat' dir='ltr'><strong>Eo</strong></span> <span class='ocrx_word' id='word_1_55' title='bbox 915 858 985 916; x_wconf 88' lang='lat' dir='ltr'><strong>viso</strong></span> <span class='ocrx_word' id='word_1_56' title='bbox 1008 860 1117 921; x_wconf 85' lang='lat' dir='ltr'>rident</span> 
     </span>
     <span class='ocr_line' id='line_1_8' title="bbox 62 939 1114 1023; baseline 0 -18"><span class='ocrx_word' id='word_1_57' title='bbox 62 947 171 1020; x_wconf 90' lang='lat' dir='ltr'><strong>mites,</strong></span> <span class='ocrx_word' id='word_1_58' title='bbox 197 943 378 1004; x_wconf 82' lang='lat' dir='ltr'>Alexander</span> <span class='ocrx_word' id='word_1_59' title='bbox 394 943 465 1023; x_wconf 87' lang='lat' dir='ltr'><strong>ipse</strong></span> <span class='ocrx_word' id='word_1_60' title='bbox 486 963 575 1003; x_wconf 80' lang='lat' dir='ltr'><strong>novo</strong></span> <span class='ocrx_word' id='word_1_61' title='bbox 598 942 781 1022; x_wconf 87' lang='lat' dir='ltr'><strong>spectaculo</strong></span> <span class='ocrx_word' id='word_1_62' title='bbox 800 939 927 1001; x_wconf 82' lang='lat' dir='ltr'><strong>illectus</strong></span> <span class='ocrx_word' id='word_1_63' title='bbox 950 941 1114 1005; x_wconf 84' lang='lat' dir='ltr'><strong>hominem</strong></span> 
     </span>
     <span class='ocr_line' id='line_1_9' title="bbox 57 1023 1116 1112; baseline -0.001 -22"><span class='ocrx_word' id='word_1_64' title='bbox 57 1031 210 1112; x_wconf 85' lang='lat' dir='ltr'><strong>loquitur,</strong></span> <span class='ocrx_word' id='word_1_65' title='bbox 232 1042 264 1089; x_wconf 90' lang='lat' dir='ltr'><strong>et</strong></span> <span class='ocrx_word' id='word_1_66' title='bbox 280 1049 355 1088; x_wconf 88' lang='lat' dir='ltr'><strong>mox</strong></span> <span class='ocrx_word' id='word_1_67' title='bbox 371 1026 516 1108; x_wconf 74' lang='lat' dir='ltr'><strong>suscipit.</strong></span> <span class='ocrx_word' id='word_1_68' title='bbox 559 1026 649 1087; x_wconf 88' lang='lat' dir='ltr'><strong>Hinc</strong></span> <span class='ocrx_word' id='word_1_69' title='bbox 663 1039 752 1084; x_wconf 87' lang='lat' dir='ltr'><strong>tauta</strong></span> <span class='ocrx_word' id='word_1_70' title='bbox 767 1023 832 1084; x_wconf 85' lang='lat' dir='ltr'><strong>viri</strong></span> <span class='ocrx_word' id='word_1_71' title='bbox 847 1024 995 1097; x_wconf 73' lang='lat' dir='ltr'><strong>Fortuna,</strong></span> <span class='ocrx_word' id='word_1_72' title='bbox 1020 1048 1116 1109; x_wconf 84' lang='lat' dir='ltr'><strong>quanr</strong></span> 
     </span>
     <span class='ocr_line' id='line_1_10' title="bbox 81 1106 1117 1193; baseline -0.001 -20"><span class='ocrx_word' id='word_1_73' title='bbox 81 1115 204 1175; x_wconf 79' lang='lat' dir='ltr'><strong>aulicae</strong></span> <span class='ocrx_word' id='word_1_74' title='bbox 226 1126 308 1171; x_wconf 86' lang='lat' dir='ltr'><strong>artas</strong></span> <span class='ocrx_word' id='word_1_75' title='bbox 333 1110 597 1193; x_wconf 83' lang='lat' dir='ltr'><strong>aedificaverant,</strong></span> <span class='ocrx_word' id='word_1_76' title='bbox 635 1110 680 1168; x_wconf 87' lang='lat' dir='ltr'><strong>ita</strong></span> <span class='ocrx_word' id='word_1_77' title='bbox 703 1106 847 1168; x_wconf 82' lang='lat' dir='ltr'><strong>adulatio</strong></span> <span class='ocrx_word' id='word_1_78' title='bbox 874 1109 974 1168; x_wconf 88' lang='lat' dir='ltr'><strong>nimia</strong></span> <span class='ocrx_word' id='word_1_79' title='bbox 998 1109 1117 1173; x_wconf 86' lang='lat' dir='ltr'><strong>deinde</strong></span> 
     </span>
     <span class='ocr_line' id='line_1_11' title="bbox 58 1192 1118 1277; baseline 0.002 -22"><span class='ocrx_word' id='word_1_80' title='bbox 58 1198 186 1258; x_wconf 88' lang='lat' dir='ltr'><strong>bvertit.</strong></span> <span class='ocrx_word' id='word_1_81' title='bbox 231 1195 306 1257; x_wconf 84' lang='lat' dir='ltr'><strong>vid.</strong></span> <span class='ocrx_word' id='word_1_82' title='bbox 324 1197 492 1257; x_wconf 78' lang='lat' dir='ltr'><strong>Vitruvium</strong></span> <span class='ocrx_word' id='word_1_83' title='bbox 509 1196 543 1254; x_wconf 89' lang='lat' dir='ltr'><strong>in</strong></span> <span class='ocrx_word' id='word_1_84' title='bbox 558 1195 657 1277; x_wconf 84' lang='lat' dir='ltr'><strong>praef.</strong></span> <span class='ocrx_word' id='word_1_85' title='bbox 701 1195 745 1253; x_wconf 81' lang='lat' dir='ltr'><strong>At</strong></span> <span class='ocrx_word' id='word_1_86' title='bbox 761 1192 924 1254; x_wconf 74' lang='lat' dir='ltr'><strong>Plutarcho</strong></span> <span class='ocrx_word' id='word_1_87' title='bbox 938 1194 1118 1257; x_wconf 64' lang='grc' dir='ltr'><strong><em>διανίσταται</em></strong></span> 
     </span>
    </p>
   </div>
   <div class='ocr_carea' id='block_1_3' title="bbox 57 1277 1198 1357">
    <p class='ocr_par' dir='ltr' id='par_1_3' title="bbox 57 1277 1198 1357">
     <span class='ocr_line' id='line_1_12' title="bbox 57 1277 1198 1357; baseline -0.001 -17"><span class='ocrx_word' id='word_1_88' title='bbox 57 1281 129 1357; x_wconf 78' lang='lat' dir='ltr'><strong>dit,</strong></span> <span class='ocrx_word' id='word_1_89' title='bbox 153 1303 219 1341; x_wconf 90' lang='lat' dir='ltr'><strong>uon</strong></span> <span class='ocrx_word' id='word_1_90' title='bbox 234 1282 427 1356; x_wconf 84' lang='lat' dir='ltr'><strong>Dinocrates,</strong></span> <span class='ocrx_word' id='word_1_91' title='bbox 450 1284 529 1356; x_wconf 83' lang='lat'>597,</span> <span class='ocrx_word' id='word_1_92' title='bbox 546 1290 576 1347; x_wconf 78' lang='lat'><strong>2.</strong></span> <span class='ocrx_word' id='word_1_93' title='bbox 619 1277 998 1341; x_wconf 83' lang='lat' dir='ltr'><strong>SedDiuocratisetiam</strong></span> <span class='ocrx_word' id='word_1_94' title='bbox 1013 1282 1117 1340; x_wconf 90' lang='lat' dir='ltr'><strong>nomi·</strong></span> <span class='ocrx_word' id='word_1_95' title='bbox 1195 1334 1198 1339; x_wconf 91' lang='lat'><strong>.</strong></span> 
     </span>
    </p>
   </div>
   <div class='ocr_carea' id='block_1_4' title="bbox 57 1361 1127 2799">
    <p class='ocr_par' dir='ltr' id='par_1_4' title="bbox 57 1361 1127 2799">
     <span class='ocr_line' id='line_1_13' title="bbox 57 1361 1116 1446; baseline 0.001 -22"><span class='ocrx_word' id='word_1_96' title='bbox 57 1391 61 1424; x_wconf 71' lang='grc' dir='ltr'><strong>ι</strong></span> <span class='ocrx_word' id='word_1_97' title='bbox 80 1367 220 1425; x_wconf 87' lang='lat' dir='ltr'><strong>occurrit</strong></span> <span class='ocrx_word' id='word_1_98' title='bbox 234 1387 283 1446; x_wconf 90' lang='lat' dir='ltr'><strong>ap.</strong></span> <span class='ocrx_word' id='word_1_99' title='bbox 299 1364 380 1425; x_wconf 82' lang='grc' dir='ltr'><strong><em>Ρίίη.</em></strong></span> <span class='ocrx_word' id='word_1_100' title='bbox 396 1380 428 1425; x_wconf 90' lang='lat' dir='ltr'><strong>et</strong></span> <span class='ocrx_word' id='word_1_101' title='bbox 447 1364 547 1428; x_wconf 83' lang='lat' dir='ltr'><strong>Strab.</strong></span> <span class='ocrx_word' id='word_1_102' title='bbox 569 1363 642 1425; x_wconf 88' lang='lat' dir='ltr'><strong>VII.</strong></span> <span class='ocrx_word' id='word_1_103' title='bbox 665 1361 721 1445; x_wconf 91' lang='lat' dir='ltr'><strong>qui</strong></span> <span class='ocrx_word' id='word_1_104' title='bbox 744 1361 973 1423; x_wconf 81' lang='lat' dir='ltr'><strong>Alexandriam</strong></span> <span class='ocrx_word' id='word_1_105' title='bbox 999 1363 1038 1423; x_wconf 89' lang='lat' dir='ltr'><strong>ab</strong></span> <span class='ocrx_word' id='word_1_106' title='bbox 1060 1385 1116 1441; x_wconf 90' lang='lat' dir='ltr'><strong>eo,</strong></span> 
     </span>
     <span class='ocr_line' id='line_1_14' title="bbox 57 1444 1118 1530; baseline 0 -22"><span class='ocrx_word' id='word_1_107' title='bbox 57 1500 60 1508; x_wconf 76' lang='lat'><strong>.</strong></span> <span class='ocrx_word' id='word_1_108' title='bbox 76 1447 263 1528; x_wconf 81' lang='lat' dir='ltr'><strong>Chlamydis</strong></span> <span class='ocrx_word' id='word_1_109' title='bbox 279 1450 412 1509; x_wconf 86' lang='lat' dir='ltr'><strong>formam</strong></span> <span class='ocrx_word' id='word_1_110' title='bbox 427 1447 616 1529; x_wconf 86' lang='lat' dir='ltr'><strong>descriptam</strong></span> <span class='ocrx_word' id='word_1_111' title='bbox 633 1462 665 1507; x_wconf 86' lang='lat' dir='ltr'><strong>et</strong></span> <span class='ocrx_word' id='word_1_112' title='bbox 681 1444 844 1507; x_wconf 82' lang='lat' dir='ltr'><strong>conditam</strong></span> <span class='ocrx_word' id='word_1_113' title='bbox 859 1449 1030 1508; x_wconf 82' lang='lat' dir='ltr'><strong>memoriae</strong></span> <span class='ocrx_word' id='word_1_114' title='bbox 1042 1470 1118 1530; x_wconf 90' lang='lat' dir='ltr'><strong>pro·</strong></span> 
     </span>
     <span class='ocr_line' id='line_1_15' title="bbox 58 1530 1115 1617; baseline 0.003 -25"><span class='ocrx_word' id='word_1_115' title='bbox 58 1533 116 1593; x_wconf 90' lang='lat' dir='ltr'><strong>dit.</strong></span> <span class='ocrx_word' id='word_1_116' title='bbox 163 1535 317 1595; x_wconf 78' lang='lat' dir='ltr'><strong>Vitruvius</strong></span> <span class='ocrx_word' id='word_1_117' title='bbox 330 1530 519 1615; x_wconf 88' lang='lat' dir='ltr'><strong>quibusdam</strong></span> <span class='ocrx_word' id='word_1_118' title='bbox 534 1555 551 1592; x_wconf 88' lang='lat' dir='ltr'><strong>a</strong></span> <span class='ocrx_word' id='word_1_119' title='bbox 564 1533 702 1593; x_wconf 73' lang='lat' dir='ltr'><strong>Lucieno</strong></span> <span class='ocrx_word' id='word_1_120' title='bbox 715 1531 769 1591; x_wconf 88' lang='lat' dir='ltr'><strong>hic</strong></span> <span class='ocrx_word' id='word_1_121' title='bbox 780 1532 914 1612; x_wconf 87' lang='lat' dir='ltr'><strong>prolatis</strong></span> <span class='ocrx_word' id='word_1_122' title='bbox 928 1533 1115 1617; x_wconf 84' lang='lat' dir='ltr'><strong>refragatur.</strong></span> 
     </span>
     <span class='ocr_line' id='line_1_16' title="bbox 57 1616 1045 1719; baseline 0 -41"><span class='ocrx_word' id='word_1_123' title='bbox 57 1618 164 1678; x_wconf 82' lang='lat' dir='ltr'><strong>andem</strong></span> <span class='ocrx_word' id='word_1_124' title='bbox 179 1618 347 1678; x_wconf 87' lang='lat' dir='ltr'><strong>historiam</strong></span> <span class='ocrx_word' id='word_1_125' title='bbox 368 1617 464 1677; x_wconf 88' lang='lat' dir='ltr'><strong>habes</strong></span> <span class='ocrx_word' id='word_1_126' title='bbox 477 1618 591 1679; x_wconf 86' lang='lat' dir='ltr'><strong>iterum</strong></span> <span class='ocrx_word' id='word_1_127' title='bbox 606 1617 668 1676; x_wconf 87' lang='lat' dir='ltr'><strong>Pro</strong></span> <span class='ocrx_word' id='word_1_128' title='bbox 684 1616 805 1719; x_wconf 59' lang='lat' dir='ltr'><strong>Imapg.</strong></span> <span class='ocrx_word' id='word_1_129' title='bbox 822 1638 848 1682; x_wconf 85' lang='lat' dir='ltr'><strong>c.</strong></span> <span class='ocrx_word' id='word_1_130' title='bbox 862 1624 894 1684; x_wconf 90' lang='lat'><strong>9.</strong></span> <span class='ocrx_word' id='word_1_131' title='bbox 918 1617 1045 1678; x_wconf 74' lang='lat' dir='ltr'><strong>Souna.</strong></span> 
     </span>
     <span class='ocr_line' id='line_1_17' title="bbox 105 1699 1119 1784; baseline 0.001 -20"><span class='ocrx_word' id='word_1_132' title='bbox 105 1704 181 1784; x_wconf 80' lang='lat' dir='ltr'><strong>ch.</strong></span> <span class='ocrx_word' id='word_1_133' title='bbox 199 1711 268 1770; x_wconf 89' lang='lat'><strong>181.</strong></span> <span class='ocrx_word' id='word_1_134' title='bbox 284 1708 305 1762; x_wconf 95' lang='lat' dir='ltr'><strong>l.</strong></span> <span class='ocrx_word' id='word_1_135' title='bbox 320 1710 351 1771; x_wconf 85' lang='grc'><strong>8.</strong></span> <span class='ocrx_word' id='word_1_136' title='bbox 371 1699 575 1782; x_wconf 76' lang='grc' dir='ltr'><strong><em>Ἐπανθήσῃ)</em></strong></span> <span class='ocrx_word' id='word_1_137' title='bbox 598 1703 693 1784; x_wconf 78' lang='lat' dir='ltr'><strong>Angl·</strong></span> <span class='ocrx_word' id='word_1_138' title='bbox 707 1702 859 1766; x_wconf 83' lang='grc' dir='ltr'><strong><em>ίπανθισε.</em></strong></span> <span class='ocrx_word' id='word_1_139' title='bbox 881 1702 1016 1762; x_wconf 73' lang='lat' dir='ltr'><strong>Bonan.</strong></span> <span class='ocrx_word' id='word_1_140' title='bbox 1065 1703 1119 1765; x_wconf 78' lang='lat' dir='ltr'><strong>Ol-</strong></span> 
     </span>
     <span class='ocr_line' id='line_1_18' title="bbox 57 1781 1118 1869; baseline -0.002 -18"><span class='ocrx_word' id='word_1_141' title='bbox 57 1814 107 1852; x_wconf 81' lang='grc' dir='ltr'><strong>ται</strong></span> <span class='ocrx_word' id='word_1_142' title='bbox 121 1787 177 1869; x_wconf 79' lang='grc' dir='ltr'><strong>γὰρ</strong></span> <span class='ocrx_word' id='word_1_143' title='bbox 188 1786 320 1869; x_wconf 66' lang='grc' dir='ltr'><strong><em>,ἄμεινον</em></strong></span> <span class='ocrx_word' id='word_1_144' title='bbox 331 1787 406 1864; x_wconf 76' lang='grc' dir='ltr'><strong><em>ἕξειν</em></strong></span> <span class='ocrx_word' id='word_1_145' title='bbox 421 1787 477 1868; x_wconf 72' lang='grc' dir='ltr'><strong><em>τήν</em></strong></span> <span class='ocrx_word' id='word_1_146' title='bbox 497 1783 591 1868; x_wconf 76' lang='grc' dir='ltr'><strong><em>ὄψιν,</em></strong></span> <span class='ocrx_word' id='word_1_147' title='bbox 614 1781 654 1864; x_wconf 70' lang='grc' dir='ltr'><strong><em>ἢν</em></strong></span> <span class='ocrx_word' id='word_1_148' title='bbox 668 1781 685 1849; x_wconf 86' lang='grc' dir='ltr'><strong><em>δ</em></strong></span> <span class='ocrx_word' id='word_1_149' title='bbox 700 1784 834 1868; x_wconf 80' lang='grc' dir='ltr'><strong><em>γραφεδς</em></strong></span> <span class='ocrx_word' id='word_1_150' title='bbox 853 1782 958 1861; x_wconf 71' lang='grc' dir='ltr'><strong><em>αὐταῖς</em></strong></span> <span class='ocrx_word' id='word_1_151' title='bbox 980 1782 1118 1868; x_wconf 75' lang='grc' dir='ltr'><strong><em>ἐρύθημά</em></strong></span> 
     </span>
     <span class='ocr_line' id='line_1_19' title="bbox 68 1868 1117 1958; baseline -0.002 -23"><span class='ocrx_word' id='word_1_152' title='bbox 68 1880 169 1936; x_wconf 84' lang='grc' dir='ltr'><strong><em>πλεῖον</em></strong></span> <span class='ocrx_word' id='word_1_153' title='bbox 188 1870 366 1956; x_wconf 67' lang='grc' dir='ltr'><strong><em>ἐπανθίσῃ,</em></strong></span> <span class='ocrx_word' id='word_1_154' title='bbox 385 1874 438 1935; x_wconf 85' lang='grc' dir='ltr'><strong>καί</strong></span> <span class='ocrx_word' id='word_1_155' title='bbox 450 1868 482 1936; x_wconf 90' lang='grc' dir='ltr'><strong>τδ</strong></span> <span class='ocrx_word' id='word_1_156' title='bbox 496 1868 604 1936; x_wconf 86' lang='grc' dir='ltr'><strong><em>λενκδν</em></strong></span> <span class='ocrx_word' id='word_1_157' title='bbox 620 1871 797 1958; x_wconf 73' lang='grc' dir='ltr'><strong><em>ἐγκαταμίξῃ</em></strong></span> <span class='ocrx_word' id='word_1_158' title='bbox 811 1868 886 1934; x_wconf 74' lang='lat' dir='ltr'><strong>nolti</strong></span> <span class='ocrx_word' id='word_1_159' title='bbox 899 1876 941 1956; x_wconf 77' lang='grc' dir='ltr'><strong>τῳ</strong></span> <span class='ocrx_word' id='word_1_160' title='bbox 955 1870 1117 1956; x_wconf 80' lang='grc' dir='ltr'><strong><em>φαρμάκῳ.</em></strong></span> 
     </span>
     <span class='ocr_line' id='line_1_20' title="bbox 57 1954 1116 2043; baseline 0 -28"><span class='ocrx_word' id='word_1_161' title='bbox 57 1972 123 2016; x_wconf 86' lang='lat' dir='ltr'><strong>ecte</strong></span> <span class='ocrx_word' id='word_1_162' title='bbox 138 1956 309 2037; x_wconf 82' lang='lat' dir='ltr'><strong>interpres:</strong></span> <span class='ocrx_word' id='word_1_163' title='bbox 332 1956 512 2015; x_wconf 79' lang='lat' dir='ltr'><strong>arbitrantur</strong></span> <span class='ocrx_word' id='word_1_164' title='bbox 524 1959 616 2029; x_wconf 80' lang='lat' dir='ltr'><strong>enim,</strong></span> <span class='ocrx_word' id='word_1_165' title='bbox 637 1954 741 2015; x_wconf 80' lang='lat' dir='ltr'><strong>melius</strong></span> <span class='ocrx_word' id='word_1_166' title='bbox 754 1980 784 2015; x_wconf 88' lang='lat' dir='ltr'><strong>se</strong></span> <span class='ocrx_word' id='word_1_167' title='bbox 804 1954 972 2015; x_wconf 75' lang='lat' dir='ltr'><strong>habiturum</strong></span> <span class='ocrx_word' id='word_1_168' title='bbox 979 1958 1116 2043; x_wconf 82' lang='lat' dir='ltr'><strong>faciem,</strong></span> 
     </span>
     <span class='ocr_line' id='line_1_21' title="bbox 60 2039 1120 2122; baseline -0.001 -22"><span class='ocrx_word' id='word_1_169' title='bbox 60 2045 158 2121; x_wconf 86' lang='lat' dir='ltr'><strong>pictor</strong></span> <span class='ocrx_word' id='word_1_170' title='bbox 172 2039 233 2100; x_wconf 78' lang='lat' dir='ltr'><strong>illis</strong></span> <span class='ocrx_word' id='word_1_171' title='bbox 242 2039 403 2122; x_wconf 80' lang='lat' dir='ltr'><strong>plurimum</strong></span> <span class='ocrx_word' id='word_1_172' title='bbox 419 2040 552 2100; x_wconf 83' lang='lat' dir='ltr'><strong>ruborem</strong></span> <span class='ocrx_word' id='word_1_173' title='bbox 566 2039 667 2101; x_wconf 76' lang='lat' dir='ltr'><strong>illinet</strong></span> <span class='ocrx_word' id='word_1_174' title='bbox 675 2086 685 2116; x_wconf 88' lang='lat'><strong><em>,</em></strong></span> <span class='ocrx_word' id='word_1_175' title='bbox 709 2055 736 2099; x_wconf 85' lang='lat' dir='ltr'><strong>et</strong></span> <span class='ocrx_word' id='word_1_176' title='bbox 746 2043 895 2122; x_wconf 81' lang='lat' dir='ltr'><strong>pigmento</strong></span> <span class='ocrx_word' id='word_1_177' title='bbox 910 2040 1033 2102; x_wconf 86' lang='lat' dir='ltr'><strong>multum</strong></span> <span class='ocrx_word' id='word_1_178' title='bbox 1048 2064 1120 2102; x_wconf 80' lang='grc' dir='ltr'><strong><em>οιιιι-</em></strong></span> 
     </span>
     <span class='ocr_line' id='line_1_22' title="bbox 57 2121 1127 2211; baseline 0.001 -28"><span class='ocrx_word' id='word_1_179' title='bbox 57 2129 107 2183; x_wconf 77' lang='lat' dir='ltr'><strong>›ris</strong></span> <span class='ocrx_word' id='word_1_180' title='bbox 122 2123 294 2184; x_wconf 82' lang='lat' dir='ltr'><strong>admisceat.</strong></span> <span class='ocrx_word' id='word_1_181' title='bbox 339 2123 401 2186; x_wconf 87' lang='lat' dir='ltr'><strong>Sed</strong></span> <span class='ocrx_word' id='word_1_182' title='bbox 417 2146 475 2207; x_wconf 93' lang='lat' dir='ltr'><strong>pro</strong></span> <span class='ocrx_word' id='word_1_183' title='bbox 488 2121 645 2210; x_wconf 74' lang='grc' dir='ltr'><strong><em>ἐπανθήσῃ</em></strong></span> <span class='ocrx_word' id='word_1_184' title='bbox 659 2124 862 2184; x_wconf 82' lang='lat' dir='ltr'><strong>scribendum</strong></span> <span class='ocrx_word' id='word_1_185' title='bbox 876 2127 1033 2211; x_wconf 65' lang='grc' dir='ltr'><strong><em>ἐπανθίσῃ.</em></strong></span> <span class='ocrx_word' id='word_1_186' title='bbox 1057 2128 1127 2185; x_wconf 89' lang='lat' dir='ltr'><strong>Ac·-</strong></span> 
     </span>
     <span class='ocr_line' id='line_1_23' title="bbox 57 2206 1120 2291; baseline 0.002 -25"><span class='ocrx_word' id='word_1_187' title='bbox 57 2208 112 2267; x_wconf 80' lang='lat' dir='ltr'><strong>=dit</strong></span> <span class='ocrx_word' id='word_1_188' title='bbox 126 2209 271 2289; x_wconf 83' lang='lat' dir='ltr'><strong>proxime</strong></span> <span class='ocrx_word' id='word_1_189' title='bbox 285 2207 366 2270; x_wconf 90' lang='lat' dir='ltr'><strong>liber</strong></span> <span class='ocrx_word' id='word_1_190' title='bbox 382 2209 589 2291; x_wconf 81' lang='lat' dir='ltr'><strong>Anglicanus,</strong></span> <span class='ocrx_word' id='word_1_191' title='bbox 613 2228 705 2290; x_wconf 87' lang='lat' dir='ltr'><strong>quem</strong></span> <span class='ocrx_word' id='word_1_192' title='bbox 721 2206 805 2268; x_wconf 86' lang='lat' dir='ltr'><strong>vidit</strong></span> <span class='ocrx_word' id='word_1_193' title='bbox 820 2208 1039 2286; x_wconf 80' lang='lat' dir='ltr'><strong>Bourdelotius,</strong></span> <span class='ocrx_word' id='word_1_194' title='bbox 1063 2208 1120 2291; x_wconf 87' lang='lat' dir='ltr'><strong>qui</strong></span> 
     </span>
     <span class='ocr_line' id='line_1_24' title="bbox 59 2288 1121 2377; baseline 0 -26"><span class='ocrx_word' id='word_1_195' title='bbox 59 2292 107 2376; x_wconf 79' lang='lat' dir='ltr'><strong>git</strong></span> <span class='ocrx_word' id='word_1_196' title='bbox 127 2292 284 2356; x_wconf 77' lang='grc' dir='ltr'><strong><em>ἕποίνθισε.</em></strong></span> <span class='ocrx_word' id='word_1_197' title='bbox 324 2288 475 2367; x_wconf 83' lang='grc' dir='ltr'><strong><em>Ἀνθίζειν</em></strong></span> <span class='ocrx_word' id='word_1_198' title='bbox 500 2307 532 2354; x_wconf 88' lang='lat' dir='ltr'><strong>et</strong></span> <span class='ocrx_word' id='word_1_199' title='bbox 552 2296 723 2368; x_wconf 76' lang='grc' dir='ltr'><strong><em>ἐπανθίζειν</em></strong></span> <span class='ocrx_word' id='word_1_200' title='bbox 749 2307 798 2353; x_wconf 83' lang='lat' dir='ltr'><strong>est</strong></span> <span class='ocrx_word' id='word_1_201' title='bbox 822 2295 973 2377; x_wconf 83' lang='lat' dir='ltr'><strong>pingere,</strong></span> <span class='ocrx_word' id='word_1_202' title='bbox 995 2292 1121 2354; x_wconf 89' lang='lat' dir='ltr'><strong>floridis</strong></span> 
     </span>
     <span class='ocr_line' id='line_1_25' title="bbox 57 2371 1122 2461; baseline 0.004 -24"><span class='ocrx_word' id='word_1_203' title='bbox 57 2376 190 2437; x_wconf 85' lang='lat' dir='ltr'><strong>&gt;loribus</strong></span> <span class='ocrx_word' id='word_1_204' title='bbox 220 2377 358 2439; x_wconf 85' lang='lat' dir='ltr'><strong>inficere.</strong></span> <span class='ocrx_word' id='word_1_205' title='bbox 405 2377 551 2442; x_wconf 81' lang='lat' dir='ltr'><strong>Herodot.</strong></span> <span class='ocrx_word' id='word_1_206' title='bbox 581 2378 692 2454; x_wconf 91' lang='lat' dir='ltr'><strong>Cleio,</strong></span> <span class='ocrx_word' id='word_1_207' title='bbox 722 2371 906 2458; x_wconf 73' lang='grc' dir='ltr'><strong><em>ἠνθισμένοι</em></strong></span> <span class='ocrx_word' id='word_1_208' title='bbox 932 2376 1122 2461; x_wconf 77' lang='grc' dir='ltr'><strong><em>φαρμάκοισι</em></strong></span> 
     </span>
     <span class='ocr_line' id='line_1_26' title="bbox 57 2460 1122 2546; baseline 0 -22"><span class='ocrx_word' id='word_1_209' title='bbox 57 2469 250 2542; x_wconf 73' lang='grc' dir='ltr'><strong><em>ρομαχεῶνες,</em></strong></span> <span class='ocrx_word' id='word_1_210' title='bbox 272 2460 498 2545; x_wconf 80' lang='lat' dir='ltr'><strong>propugnacula</strong></span> <span class='ocrx_word' id='word_1_211' title='bbox 507 2466 592 2546; x_wconf 83' lang='lat' dir='ltr'><strong>picta</strong></span> <span class='ocrx_word' id='word_1_212' title='bbox 607 2466 698 2523; x_wconf 75' lang='lat' dir='ltr'><strong>uariis</strong></span> <span class='ocrx_word' id='word_1_213' title='bbox 712 2461 872 2524; x_wconf 68' lang='lat' dir='ltr'><strong>coloribus.</strong></span> <span class='ocrx_word' id='word_1_214' title='bbox 916 2464 1024 2526; x_wconf 80' lang='lat' dir='ltr'><strong>Noster</strong></span> <span class='ocrx_word' id='word_1_215' title='bbox 1039 2464 1122 2524; x_wconf 79' lang='lat' dir='ltr'><strong>inie-</strong></span> 
     </span>
     <span class='ocr_line' id='line_1_27' title="bbox 59 2546 1127 2630; baseline 0.008 -27"><span class='ocrx_word' id='word_1_216' title='bbox 59 2567 94 2604; x_wconf 83' lang='lat' dir='ltr'><strong>us</strong></span> <span class='ocrx_word' id='word_1_217' title='bbox 113 2548 145 2603; x_wconf 91' lang='lat' dir='ltr'><strong>in</strong></span> <span class='ocrx_word' id='word_1_218' title='bbox 161 2546 223 2607; x_wconf 85' lang='lat' dir='ltr'><strong>hoc</strong></span> <span class='ocrx_word' id='word_1_219' title='bbox 238 2548 310 2625; x_wconf 91' lang='lat' dir='ltr'><strong>ipso</strong></span> <span class='ocrx_word' id='word_1_220' title='bbox 324 2546 427 2609; x_wconf 80' lang='lat' dir='ltr'><strong>libro:</strong></span> <span class='ocrx_word' id='word_1_221' title='bbox 461 2552 502 2611; x_wconf 83' lang='grc' dir='ltr'><strong>Οί</strong></span> <span class='ocrx_word' id='word_1_222' title='bbox 521 2549 553 2611; x_wconf 79' lang='grc' dir='ltr'><strong>δὲ</strong></span> <span class='ocrx_word' id='word_1_223' title='bbox 571 2551 710 2612; x_wconf 77' lang='grc' dir='ltr'><strong><em>ἔπλαττον</em></strong></span> <span class='ocrx_word' id='word_1_224' title='bbox 728 2546 841 2627; x_wconf 85' lang='grc' dir='ltr'><strong><em>μόνον,</em></strong></span> <span class='ocrx_word' id='word_1_225' title='bbox 872 2551 924 2612; x_wconf 77' lang='grc' dir='ltr'><strong>καὶ</strong></span> <span class='ocrx_word' id='word_1_226' title='bbox 943 2551 1046 2630; x_wconf 71' lang='grc' dir='ltr'><strong><em>ἔπριον</em></strong></span> <span class='ocrx_word' id='word_1_227' title='bbox 1068 2546 1127 2613; x_wconf 72' lang='lat' dir='ltr'><strong>alr</strong></span> 
     </span>
     <span class='ocr_line' id='line_1_28' title="bbox 60 2629 1124 2712; baseline 0.005 -20"><span class='ocrx_word' id='word_1_228' title='bbox 60 2633 190 2708; x_wconf 80' lang='grc' dir='ltr'><strong><em>ἔφαντο,</em></strong></span> <span class='ocrx_word' id='word_1_229' title='bbox 213 2633 266 2693; x_wconf 83' lang='grc' dir='ltr'><strong>καὶ</strong></span> <span class='ocrx_word' id='word_1_230' title='bbox 278 2633 377 2705; x_wconf 76' lang='grc' dir='ltr'><strong><em>ἔξεον,</em></strong></span> <span class='ocrx_word' id='word_1_231' title='bbox 399 2629 617 2706; x_wconf 63' lang='lat' dir='ltr'><strong>nullatinus,</strong></span> <span class='ocrx_word' id='word_1_232' title='bbox 641 2633 693 2693; x_wconf 78' lang='grc' dir='ltr'><strong>καὶ</strong></span> <span class='ocrx_word' id='word_1_233' title='bbox 709 2629 907 2712; x_wconf 69' lang='grc' dir='ltr'><strong><em>ἐρρύθμιζον,</em></strong></span> <span class='ocrx_word' id='word_1_234' title='bbox 931 2636 981 2697; x_wconf 80' lang='grc' dir='ltr'><strong>καλ</strong></span> <span class='ocrx_word' id='word_1_235' title='bbox 998 2629 1124 2698; x_wconf 60' lang='lat' dir='ltr'><strong>&amp;nivar-</strong></span> 
     </span>
     <span class='ocr_line' id='line_1_29' title="bbox 57 2714 1124 2799; baseline 0.003 -25"><span class='ocrx_word' id='word_1_236' title='bbox 57 2740 81 2775; x_wconf 79' lang='grc' dir='ltr'><strong>ιν</strong></span> <span class='ocrx_word' id='word_1_237' title='bbox 95 2720 137 2794; x_wconf 80' lang='grc' dir='ltr'><strong>τῳ”</strong></span> <span class='ocrx_word' id='word_1_238' title='bbox 151 2721 270 2799; x_wconf 79' lang='grc' dir='ltr'><strong><em>χρυσῷ,</em></strong></span> <span class='ocrx_word' id='word_1_239' title='bbox 294 2714 343 2773; x_wconf 82' lang='lat' dir='ltr'><strong>illi</strong></span> <span class='ocrx_word' id='word_1_240' title='bbox 355 2736 421 2773; x_wconf 86' lang='lat' dir='ltr'><strong>vero</strong></span> <span class='ocrx_word' id='word_1_241' title='bbox 443 2730 564 2775; x_wconf 77' lang='lat' dir='ltr'><strong>tontum·</strong></span> <span class='ocrx_word' id='word_1_242' title='bbox 568 2714 749 2798; x_wconf 81' lang='lat' dir='ltr'><strong>formabant</strong></span> <span class='ocrx_word' id='word_1_243' title='bbox 775 2732 802 2775; x_wconf 84' lang='lat' dir='ltr'><strong>et</strong></span> <span class='ocrx_word' id='word_1_244' title='bbox 820 2716 960 2777; x_wconf 76' lang='lat' dir='ltr'><strong>secabant</strong></span> <span class='ocrx_word' id='word_1_245' title='bbox 979 2718 1065 2792; x_wconf 79' lang='lat' dir='ltr'><strong>ebur,</strong></span> <span class='ocrx_word' id='word_1_246' title='bbox 1096 2734 1124 2777; x_wconf 86' lang='lat' dir='ltr'><strong>et</strong></span> 
     </span>
    </p>
   </div>
   <div class='ocr_carea' id='block_1_5' title="bbox 57 2794 1179 2879">
    <p class='ocr_par' dir='ltr' id='par_1_5' title="bbox 57 2794 1179 2879">
     <span class='ocr_line' id='line_1_30' title="bbox 57 2794 1179 2879; baseline 0.004 -21"><span class='ocrx_word' id='word_1_247' title='bbox 57 2797 195 2872; x_wconf 79' lang='grc' dir='ltr'><strong><em>ιίίεδοπι,</em></strong></span> <span class='ocrx_word' id='word_1_248' title='bbox 219 2814 246 2856; x_wconf 85' lang='lat' dir='ltr'><strong>et</strong></span> <span class='ocrx_word' id='word_1_249' title='bbox 263 2797 523 2878; x_wconf 78' lang='lat' dir='ltr'><strong>conglutinabant,</strong></span> <span class='ocrx_word' id='word_1_250' title='bbox 547 2798 824 2879; x_wconf 72' lang='lat' dir='ltr'><strong>aconcinnabanr,</strong></span> <span class='ocrx_word' id='word_1_251' title='bbox 854 2816 882 2861; x_wconf 83' lang='lat' dir='ltr'><strong>et</strong></span> <span class='ocrx_word' id='word_1_252' title='bbox 906 2822 979 2863; x_wconf 85' lang='lat' dir='ltr'><strong>auro</strong></span> <span class='ocrx_word' id='word_1_253' title='bbox 996 2801 1126 2862; x_wconf 83' lang='lat' dir='ltr'><strong>induce·</strong></span> <span class='ocrx_word' id='word_1_254' title='bbox 1168 2794 1179 2814; x_wconf 59' lang='lat'><em>³</em></span> 
     </span>
    </p>
   </div>
   <div class='ocr_carea' id='block_1_6' title="bbox 57 2871 1245 2968">
    <p class='ocr_par' dir='ltr' id='par_1_6' title="bbox 57 2871 1245 2968">
     <span class='ocr_line' id='line_1_31' title="bbox 57 2871 1245 2968; baseline 0.003 -28"><span class='ocrx_word' id='word_1_255' title='bbox 57 2898 112 2943; x_wconf 78' lang='lat' dir='ltr'><strong>ant.</strong></span> <span class='ocrx_word' id='word_1_256' title='bbox 157 2881 296 2964; x_wconf 75' lang='lat' dir='ltr'><strong>Sophocl·</strong></span> <span class='ocrx_word' id='word_1_257' title='bbox 317 2877 354 2945; x_wconf 80' lang='lat' dir='ltr'><strong>ori</strong></span> <span class='ocrx_word' id='word_1_258' title='bbox 373 2879 430 2965; x_wconf 76' lang='grc' dir='ltr'><strong>γάρ</strong></span> <span class='ocrx_word' id='word_1_259' title='bbox 448 2903 483 2946; x_wconf 90' lang='grc' dir='ltr'><strong>σε</strong></span> <span class='ocrx_word' id='word_1_260' title='bbox 502 2878 541 2964; x_wconf 77' lang='grc' dir='ltr'><strong>μὴ</strong></span> <span class='ocrx_word' id='word_1_261' title='bbox 560 2891 673 2967; x_wconf 79' lang='grc' dir='ltr'><strong><em>μναῑσιν</em></strong></span> <span class='ocrx_word' id='word_1_262' title='bbox 690 2871 746 2968; x_wconf 78' lang='lat' dir='ltr'><strong>pid&#39;</strong></span> <span class='ocrx_word' id='word_1_263' title='bbox 766 2880 971 2967; x_wconf 73' lang='grc' dir='ltr'><strong><em>ἠνθισμένον,</em></strong></span> <span class='ocrx_word' id='word_1_264' title='bbox 1000 2901 1027 2945; x_wconf 83' lang='lat' dir='ltr'><strong>tc</strong></span> <span class='ocrx_word' id='word_1_265' title='bbox 1049 2890 1125 2946; x_wconf 80' lang='lat' dir='ltr'><strong>eninr</strong></span> <span class='ocrx_word' id='word_1_266' title='bbox 1241 2900 1245 2907; x_wconf 89' lang='lat'>&#39;</span> 
     </span>
    </p>
   </div>
   <div class='ocr_carea' id='block_1_7' title="bbox 57 2963 1130 3648">
    <p class='ocr_par' dir='ltr' id='par_1_7' title="bbox 57 2963 1130 3648">
     <span class='ocr_line' id='line_1_32' title="bbox 57 2963 1126 3052; baseline 0.004 -24"><span class='ocrx_word' id='word_1_267' title='bbox 57 2991 90 3028; x_wconf 86' lang='lat' dir='ltr'><strong>un</strong></span> <span class='ocrx_word' id='word_1_268' title='bbox 105 2983 278 3047; x_wconf 79' lang='lat' dir='ltr'><strong>cognoscent</strong></span> <span class='ocrx_word' id='word_1_269' title='bbox 295 2968 339 3028; x_wconf 81' lang='lat' dir='ltr'><strong>sic</strong></span> <span class='ocrx_word' id='word_1_270' title='bbox 355 2964 526 3030; x_wconf 80' lang='lat' dir='ltr'><strong>coloratum.</strong></span> <span class='ocrx_word' id='word_1_271' title='bbox 573 2968 729 3052; x_wconf 84' lang='lat' dir='ltr'><strong>Synesius:</strong></span> <span class='ocrx_word' id='word_1_272' title='bbox 751 2970 802 3032; x_wconf 79' lang='lat' dir='ltr'><strong>usi</strong></span> <span class='ocrx_word' id='word_1_273' title='bbox 818 2963 913 3044; x_wconf 72' lang='grc' dir='ltr'><strong><em>εὐθὺς</em></strong></span> <span class='ocrx_word' id='word_1_274' title='bbox 926 2972 1055 3034; x_wconf 74' lang='grc' dir='ltr'><strong><em>ἐπανθεῖ</em></strong></span> <span class='ocrx_word' id='word_1_275' title='bbox 1073 2996 1126 3049; x_wconf 91' lang='grc' dir='ltr'><strong>μοι</strong></span> 
     </span>
     <span class='ocr_line' id='line_1_33' title="bbox 57 3048 1128 3142; baseline 0 -30"><span class='ocrx_word' id='word_1_276' title='bbox 57 3048 108 3112; x_wconf 80' lang='lat' dir='ltr'><strong>ursi</strong></span> <span class='ocrx_word' id='word_1_277' title='bbox 125 3059 179 3130; x_wconf 83' lang='grc' dir='ltr'><strong>τῆς</strong></span> <span class='ocrx_word' id='word_1_278' title='bbox 193 3056 319 3133; x_wconf 82' lang='grc' dir='ltr'><strong><em>παρειᾶς</em></strong></span> <span class='ocrx_word' id='word_1_279' title='bbox 335 3053 490 3132; x_wconf 69' lang='grc' dir='ltr'><strong><em>ἐρύθημα,</em></strong></span> <span class='ocrx_word' id='word_1_280' title='bbox 513 3069 540 3112; x_wconf 87' lang='lat' dir='ltr'><strong>et</strong></span> <span class='ocrx_word' id='word_1_281' title='bbox 554 3056 655 3113; x_wconf 78' lang='lat' dir='ltr'><strong>statim</strong></span> <span class='ocrx_word' id='word_1_282' title='bbox 669 3077 733 3112; x_wconf 86' lang='lat' dir='ltr'><strong>mea</strong></span> <span class='ocrx_word' id='word_1_283' title='bbox 747 3076 825 3135; x_wconf 77' lang='lat' dir='ltr'><strong>gena</strong></span> <span class='ocrx_word' id='word_1_284' title='bbox 841 3055 946 3117; x_wconf 76' lang='lat' dir='ltr'><strong>rubore</strong></span> <span class='ocrx_word' id='word_1_285' title='bbox 962 3054 1128 3142; x_wconf 70' lang='lat' dir='ltr'><strong>perfunda-</strong></span> 
     </span>
     <span class='ocr_line' id='line_1_34' title="bbox 57 3132 1127 3220; baseline 0.001 -25"><span class='ocrx_word' id='word_1_286' title='bbox 57 3152 129 3198; x_wconf 80' lang='lat' dir='ltr'><strong>ntur.</strong></span> <span class='ocrx_word' id='word_1_287' title='bbox 163 3132 279 3209; x_wconf 73' lang='grc' dir='ltr'><strong><em>’Ἄνθος</em></strong></span> <span class='ocrx_word' id='word_1_288' title='bbox 296 3155 389 3215; x_wconf 88' lang='lat' dir='ltr'><strong>saepe</strong></span> <span class='ocrx_word' id='word_1_289' title='bbox 405 3151 453 3196; x_wconf 90' lang='lat' dir='ltr'><strong>est</strong></span> <span class='ocrx_word' id='word_1_290' title='bbox 469 3142 568 3200; x_wconf 87' lang='lat' dir='ltr'><strong>color.</strong></span> <span class='ocrx_word' id='word_1_291' title='bbox 604 3136 705 3218; x_wconf 79' lang='grc' dir='ltr'><strong><em>’Ἀνθη</em></strong></span> <span class='ocrx_word' id='word_1_292' title='bbox 725 3143 787 3201; x_wconf 75' lang='grc' dir='ltr'><strong><em>τοῖν</em></strong></span> <span class='ocrx_word' id='word_1_293' title='bbox 801 3142 895 3203; x_wconf 88' lang='grc' dir='ltr'><strong><em>οίκοιν</em></strong></span> <span class='ocrx_word' id='word_1_294' title='bbox 911 3154 991 3200; x_wconf 87' lang='lat' dir='ltr'><strong>sunt</strong></span> <span class='ocrx_word' id='word_1_295' title='bbox 1013 3140 1127 3220; x_wconf 87' lang='lat' dir='ltr'><strong>pictu-</strong></span> 
     </span>
     <span class='ocr_line' id='line_1_35' title="bbox 57 3216 1128 3331; baseline 0.007 -52"><span class='ocrx_word' id='word_1_296' title='bbox 57 3242 85 3280; x_wconf 80' lang='lat' dir='ltr'><strong>re</strong></span> <span class='ocrx_word' id='word_1_297' title='bbox 102 3220 295 3281; x_wconf 78' lang='lat' dir='ltr'><strong>Philostrato.</strong></span> <span class='ocrx_word' id='word_1_298' title='bbox 318 3220 444 3298; x_wconf 77' lang='lat' dir='ltr'><strong>Hesych.</strong></span> <span class='ocrx_word' id='word_1_299' title='bbox 461 3217 559 3301; x_wconf 75' lang='grc' dir='ltr'><strong><em>ἶν’νθη·</em></strong></span> <span class='ocrx_word' id='word_1_300' title='bbox 579 3218 728 3306; x_wconf 75' lang='grc' dir='ltr'><strong><em>χρώματα.</em></strong></span> <span class='ocrx_word' id='word_1_301' title='bbox 757 3224 974 3331; x_wconf 76' lang='grc' dir='ltr'><strong><em>Μοεοίισῳιιίιιε</em></strong></span> <span class='ocrx_word' id='word_1_302' title='bbox 986 3232 1046 3287; x_wconf 80' lang='grc' dir='ltr'><strong><em>τῶν</em></strong></span> <span class='ocrx_word' id='word_1_303' title='bbox 1058 3216 1128 3287; x_wconf 82' lang='grc' dir='ltr'><strong><em>δνο-</em></strong></span> 
     </span>
     <span class='ocr_line' id='line_1_36' title="bbox 59 3300 1129 3392; baseline 0.003 -25"><span class='ocrx_word' id='word_1_304' title='bbox 59 3301 139 3367; x_wconf 74' lang='lat' dir='ltr'><strong>sisar</strong></span> <span class='ocrx_word' id='word_1_305' title='bbox 158 3300 296 3370; x_wconf 79' lang='grc' dir='ltr'><strong><em>Ἀττικῶν</em></strong></span> <span class='ocrx_word' id='word_1_306' title='bbox 316 3312 460 3392; x_wconf 77' lang='grc' dir='ltr'><strong><em>συλλογῇ·</em></strong></span> <span class='ocrx_word' id='word_1_307' title='bbox 489 3302 549 3372; x_wconf 75' lang='lat' dir='ltr'><strong>sind</strong></span> <span class='ocrx_word' id='word_1_308' title='bbox 569 3315 624 3372; x_wconf 82' lang='lat' dir='ltr'><strong>rosi</strong></span> <span class='ocrx_word' id='word_1_309' title='bbox 640 3315 699 3371; x_wconf 80' lang='grc' dir='ltr'><strong><em>τοῖν</em></strong></span> <span class='ocrx_word' id='word_1_310' title='bbox 719 3310 858 3390; x_wconf 76' lang='grc' dir='ltr'><strong><em>βοτανῶν</em></strong></span> <span class='ocrx_word' id='word_1_311' title='bbox 878 3306 998 3383; x_wconf 77' lang='grc' dir='ltr'><strong><em>ανδονς</em></strong></span> <span class='ocrx_word' id='word_1_312' title='bbox 1016 3310 1129 3391; x_wconf 81' lang='grc' dir='ltr'><strong><em>λέγεται</em></strong></span> 
     </span>
     <span class='ocr_line' id='line_1_37' title="bbox 57 3388 1130 3480; baseline 0.002 -27"><span class='ocrx_word' id='word_1_313' title='bbox 57 3401 134 3464; x_wconf 88' lang='grc' dir='ltr'><strong><em>νθος</em></strong></span> <span class='ocrx_word' id='word_1_314' title='bbox 146 3388 221 3453; x_wconf 77' lang='lat' dir='ltr'><strong>nard</strong></span> <span class='ocrx_word' id='word_1_315' title='bbox 234 3390 409 3474; x_wconf 68' lang='grc' dir='ltr'><strong><em>μεταφορὰν</em></strong></span> <span class='ocrx_word' id='word_1_316' title='bbox 426 3389 460 3455; x_wconf 89' lang='grc' dir='ltr'><strong>τδ</strong></span> <span class='ocrx_word' id='word_1_317' title='bbox 471 3398 583 3473; x_wconf 76' lang='grc' dir='ltr'><strong><em>χρῶμα.</em></strong></span> <span class='ocrx_word' id='word_1_318' title='bbox 606 3389 648 3468; x_wconf 77' lang='grc' dir='ltr'><strong>ὥς</strong></span> <span class='ocrx_word' id='word_1_319' title='bbox 660 3390 743 3476; x_wconf 76' lang='grc' dir='ltr'><strong><em>παρὰ</em></strong></span> <span class='ocrx_word' id='word_1_320' title='bbox 758 3400 801 3479; x_wconf 80' lang='grc' dir='ltr'><strong>τῳ</strong></span> <span class='ocrx_word' id='word_1_321' title='bbox 817 3391 1009 3478; x_wconf 80' lang='grc' dir='ltr'><strong><em>Φιλοστράτῳ</em></strong></span> <span class='ocrx_word' id='word_1_322' title='bbox 1023 3400 1065 3480; x_wconf 75' lang='grc' dir='ltr'><strong>τῷ</strong></span> <span class='ocrx_word' id='word_1_323' title='bbox 1076 3401 1130 3471; x_wconf 73' lang='grc' dir='ltr'><strong>τῆς</strong></span> 
     </span>
     <span class='ocr_line' id='line_1_38' title="bbox 57 3473 1127 3561; baseline -0.001 -22"><span class='ocrx_word' id='word_1_324' title='bbox 57 3481 103 3555; x_wconf 80' lang='grc' dir='ltr'><strong>λης</strong></span> <span class='ocrx_word' id='word_1_325' title='bbox 116 3473 207 3540; x_wconf 70' lang='lat' dir='ltr'><strong>droca·</strong></span> <span class='ocrx_word' id='word_1_326' title='bbox 218 3478 365 3555; x_wconf 72' lang='lat' dir='ltr'><strong>dolueras,</strong></span> <span class='ocrx_word' id='word_1_327' title='bbox 384 3474 481 3560; x_wconf 78' lang='grc' dir='ltr'><strong><em>ἤγουν</em></strong></span> <span class='ocrx_word' id='word_1_328' title='bbox 496 3483 539 3554; x_wconf 77' lang='grc' dir='ltr'><strong>τῷ</strong></span> <span class='ocrx_word' id='word_1_329' title='bbox 557 3475 698 3560; x_wconf 71' lang='grc' dir='ltr'><strong><em>χρώματι.</em></strong></span> <span class='ocrx_word' id='word_1_330' title='bbox 721 3479 783 3542; x_wconf 72' lang='grc' dir='ltr'><strong><em>ἔστι</em></strong></span> <span class='ocrx_word' id='word_1_331' title='bbox 802 3479 834 3541; x_wconf 77' lang='grc' dir='ltr'><strong>δὲ</strong></span> <span class='ocrx_word' id='word_1_332' title='bbox 855 3483 907 3561; x_wconf 68' lang='lat' dir='ltr'><strong>ton</strong></span> <span class='ocrx_word' id='word_1_333' title='bbox 927 3476 1049 3560; x_wconf 72' lang='grc' dir='ltr'><strong><em>βοτάνη</em></strong></span> <span class='ocrx_word' id='word_1_334' title='bbox 1064 3498 1127 3549; x_wconf 75' lang='grc' dir='ltr'><strong><em>τις·</em></strong></span> 
     </span>
     <span class='ocr_line' id='line_1_39' title="bbox 57 3556 1130 3648; baseline 0.002 -27"><span class='ocrx_word' id='word_1_335' title='bbox 57 3559 116 3624; x_wconf 86' lang='grc' dir='ltr'><strong>αθό</strong></span> <span class='ocrx_word' id='word_1_336' title='bbox 132 3562 243 3643; x_wconf 72' lang='grc' dir='ltr'><strong><em>λέγεται</em></strong></span> <span class='ocrx_word' id='word_1_337' title='bbox 257 3556 478 3641; x_wconf 79' lang='grc' dir='ltr'><strong><em>ἆνθοκρὸκοισι</em></strong></span> <span class='ocrx_word' id='word_1_338' title='bbox 493 3559 605 3642; x_wconf 80' lang='grc' dir='ltr'><strong><em>πήναις</em></strong></span> <span class='ocrx_word' id='word_1_339' title='bbox 625 3556 700 3645; x_wconf 84' lang='grc' dir='ltr'><strong><em>παρ’</em></strong></span> <span class='ocrx_word' id='word_1_340' title='bbox 716 3556 879 3648; x_wconf 69' lang='grc' dir='ltr'><strong><em>Εὐριπίδῃ.</em></strong></span> <span class='ocrx_word' id='word_1_341' title='bbox 917 3564 976 3625; x_wconf 80' lang='lat' dir='ltr'><strong>&#39;Sic</strong></span> <span class='ocrx_word' id='word_1_342' title='bbox 995 3562 1130 3645; x_wconf 73' lang='lat' dir='ltr'><strong>legenda</strong></span> 
     </span>
    </p>
   </div>
   <div class='ocr_carea' id='block_1_8' title="bbox 57 3642 1132 3749">
    <p class='ocr_par' dir='ltr' id='par_1_8' title="bbox 57 3642 1132 3749">
     <span class='ocr_line' id='line_1_40' title="bbox 57 3642 1132 3749; baseline 0.012 -45"><span class='ocrx_word' id='word_1_343' title='bbox 57 3642 320 3710; x_wconf 83' lang='lat' dir='ltr'><strong>anthaecverba.</strong></span> <span class='ocrx_word' id='word_1_344' title='bbox 364 3645 750 3731; x_wconf 73' lang='lat' dir='ltr'><strong>Locus-Euripidisestin</strong></span> <span class='ocrx_word' id='word_1_345' title='bbox 766 3647 900 3709; x_wconf 81' lang='lat' dir='ltr'><strong>Hecuba</strong></span> <span class='ocrx_word' id='word_1_346' title='bbox 916 3652 1037 3715; x_wconf 79' lang='lat' dir='ltr'><strong>v.468.</strong></span> <span class='ocrx_word' id='word_1_347' title='bbox 1125 3738 1132 3749; x_wconf 92' lang='lat'><strong>.</strong></span> 
     </span>
    </p>
   </div>
   <div class='ocr_carea' id='block_1_9' title="bbox 57 3726 1127 4157">
    <p class='ocr_par' dir='ltr' id='par_1_9' title="bbox 57 3726 1127 4157">
     <span class='ocr_line' id='line_1_41' title="bbox 196 3726 552 3815; baseline 0.014 -24"><span class='ocrx_word' id='word_1_348' title='bbox 196 3766 241 3779; x_wconf 90' lang='lat'>—</span> <span class='ocrx_word' id='word_1_349' title='bbox 258 3726 312 3793; x_wconf 83' lang='grc' dir='ltr'><strong><em>Ἐν</em></strong></span> <span class='ocrx_word' id='word_1_350' title='bbox 324 3732 439 3815; x_wconf 82' lang='grc' dir='ltr'><strong><em>κρανίῳ</em></strong></span> <span class='ocrx_word' id='word_1_351' title='bbox 451 3732 552 3815; x_wconf 81' lang='grc' dir='ltr'><strong><em>πέπλῳ</em></strong></span> 
     </span>
     <span class='ocr_line' id='line_1_42' title="bbox 200 3813 622 3898; baseline 0.012 -21"><span class='ocrx_word' id='word_1_352' title='bbox 200 3814 345 3896; x_wconf 77' lang='grc' dir='ltr'><strong><em>Ζεδξομαι</em></strong></span> <span class='ocrx_word' id='word_1_353' title='bbox 358 3813 468 3897; x_wconf 72' lang='grc' dir='ltr'><strong><em>ἅρματι</em></strong></span> <span class='ocrx_word' id='word_1_354' title='bbox 481 3815 622 3898; x_wconf 68' lang='lat' dir='ltr'><strong>noidant,</strong></span> 
     </span>
     <span class='ocr_line' id='line_1_43' title="bbox 149 3894 553 3966; baseline 0.01 -4"><span class='ocrx_word' id='word_1_355' title='bbox 149 3922 153 3931; x_wconf 93' lang='lat'><em>·</em></span> <span class='ocrx_word' id='word_1_356' title='bbox 193 3894 248 3963; x_wconf 80' lang='grc' dir='ltr'><strong><em>Ἐν</em></strong></span> <span class='ocrx_word' id='word_1_357' title='bbox 264 3903 447 3965; x_wconf 75' lang='grc' dir='ltr'><strong><em>δαιδαλέοισι</em></strong></span> <span class='ocrx_word' id='word_1_358' title='bbox 469 3908 553 3966; x_wconf 84' lang='grc' dir='ltr'><strong><em>Ποι·</em></strong></span> 
     </span>
     <span class='ocr_line' id='line_1_44' title="bbox 196 3978 702 4069; baseline 0.006 -22"><span class='ocrx_word' id='word_1_359' title='bbox 196 3978 333 4051; x_wconf 84' lang='grc' dir='ltr'><strong><em>ιιίλλοοσ’</em></strong></span> <span class='ocrx_word' id='word_1_360' title='bbox 347 3981 568 4068; x_wconf 78' lang='grc' dir='ltr'><strong><em>δνθοκρόιιοισι</em></strong></span> <span class='ocrx_word' id='word_1_361' title='bbox 581 3982 702 4069; x_wconf 71' lang='grc' dir='ltr'><strong><em>πήναις.</em></strong></span> 
     </span>
     <span class='ocr_line' id='line_1_45' title="bbox 57 4064 1127 4157; baseline 0.006 -32"><span class='ocrx_word' id='word_1_362' title='bbox 57 4064 100 4131; x_wconf 78' lang='lat' dir='ltr'><strong>tbi</strong></span> <span class='ocrx_word' id='word_1_363' title='bbox 113 4064 305 4153; x_wconf 73' lang='lat' dir='ltr'><strong>interpretat</strong></span> <span class='ocrx_word' id='word_1_364' title='bbox 318 4074 474 4157; x_wconf 64' lang='lat' dir='ltr'><strong>patrimae</strong></span> <span class='ocrx_word' id='word_1_365' title='bbox 496 4077 528 4137; x_wconf 86' lang='lat' dir='ltr'><strong>in</strong></span> <span class='ocrx_word' id='word_1_366' title='bbox 545 4096 650 4139; x_wconf 81' lang='lat' dir='ltr'><strong>crocea</strong></span> <span class='ocrx_word' id='word_1_367' title='bbox 663 4088 738 4137; x_wconf 79' lang='lat' dir='ltr'><strong>ueste</strong></span> <span class='ocrx_word' id='word_1_368' title='bbox 754 4077 881 4156; x_wconf 78' lang='lat' dir='ltr'><strong>jungam</strong></span> <span class='ocrx_word' id='word_1_369' title='bbox 901 4075 1002 4137; x_wconf 81' lang='lat' dir='ltr'><strong>currui</strong></span> <span class='ocrx_word' id='word_1_370' title='bbox 1024 4095 1127 4156; x_wconf 79' lang='lat' dir='ltr'><strong>equos,</strong></span> 
     </span>
    </p>
   </div>
   <div class='ocr_carea' id='block_1_10' title="bbox 97 4396 255 4449">
    <p class='ocr_par' dir='ltr' id='par_1_10' title="bbox 97 4396 255 4449">
     <span class='ocr_line' id='line_1_46' title="bbox 97 4396 255 4449; baseline -0.025 -8"><span class='ocrx_word' id='word_1_371' title='bbox 97 4424 101 4429; x_wconf 95' lang='lat'>·</span> <span class='ocrx_word' id='word_1_372' title='bbox 154 4396 255 4449; x_wconf 48' lang='grc' dir='ltr'><strong>ἵης.</strong></span> 
     </span>
    </p>
   </div>
   <div class='ocr_carea' id='block_1_11' title="bbox 57 4457 238 4632">
    <p class='ocr_par' dir='ltr' id='par_1_11' title="bbox 57 4442 238 4632">
     <span class='ocr_line' id='line_1_47' title="bbox 57 4457 238 4632; baseline 0 -161"><span class='ocrx_word' id='word_1_373' title='bbox 57 4457 238 4632; x_wconf 41' lang='lat' dir='ltr'><em>Q</em></span> 
     </span>
    </p>
   </div>
   <div class='ocr_carea' id='block_1_12' title="bbox 1175 4044 1182 4075">
    <p class='ocr_par' dir='ltr' id='par_1_12' title="bbox 1175 4044 1182 4075">
     <span class='ocr_line' id='line_1_48' title="bbox 1175 4044 1182 4075; baseline 0 0"><span class='ocrx_word' id='word_1_374' title='bbox 1175 4044 1182 4075; x_wconf 89' lang='lat' dir='ltr'><strong>l</strong></span> 
     </span>
    </p>
   </div>
   <div class='ocr_carea' id='block_1_13' title="bbox 0 0 1325 4680">
    <p class='ocr_par' dir='ltr' id='par_1_13' title="bbox 0 0 1325 4680">
     <span class='ocr_line' id='line_1_49' title="bbox 0 0 1325 4680; baseline 0 0"><span class='ocrx_word' id='word_1_375' title='bbox 0 0 1325 4680; x_wconf 95' lang='lat' dir='ltr'><strong> </strong></span> 
     </span>
    </p>
   </div>
  </div>
 </body>
</html>
