2634 4680
256 294 295 342 nr
323 291 501 351 Quonono
528 292 704 340 nrsronrs
732 294 788 341 αα
814 295 963 347 consen.
1082 274 1160 355 585

148 439 227 501 Isia.
247 433 289 501 ‘O
301 435 454 518 πόλεμος)
475 438 583 520 Hujus
599 437 676 499 belli
697 440 828 501 initium
845 455 993 502 statuunt
1010 447 1157 510 Chrono.

63 529 131 611 logi
150 525 254 585 nostri
277 544 363 583 snno
385 521 506 583 Christi
529 522 643 583 CLXI.
671 523 764 583 finem
786 524 936 588 CLXIV.
981 529 1075 591 Unde
1093 539 1155 612 jam

62 626 170 694 patet,
194 620 225 670 et
239 609 272 665 in
286 607 495 689 sequentibus
511 608 627 668 olsrius
641 607 783 688 patebit,
806 630 871 693 quo
883 624 1027 693 tempore
1039 616 1157 679 Lucia-

63 723 117 757 nus
130 695 217 754 hunc
231 692 354 753 foetum
373 690 519 752 ediderit.
1158 728 1161 733 <

145 764 324 838 Historiam
338 776 389 837 M.
402 774 809 858 Aureliis-sapientissimis
823 777 1060 864 virisscriptsm
1077 786 1159 847 fuis·

61 888 110 941 se,
135 875 271 924 restatur
285 858 493 938 Herodianus,
517 857 644 942 decepis
660 851 717 926 οὖν
733 858 835 942 ἐκείνῳ
849 864 1015 944 πέπρακται
1029 880 1158 935 -αιολ·

59 959 122 1024 λοῖς
144 949 195 1012 καὶ
221 954 334 1024 σοφοῖς
360 939 487 1028 ἀνδράσι
512 947 737 1029 συγγέγραπται.
792 946 853 1007 Sed
879 963 934 1010 aut
961 955 1157 1033 posteriores

60 1033 242 1114 scriptores·
255 1029 394 1106 indicat,
423 1045 479 1091 sut
505 1032 676 1095 sLucioni
696 1029 820 1113 judicio
842 1030 979 1094 immane
1000 1052 1157 1118 quantum

61 1119 236 1199 discrepat,
260 1112 347 1196 quod
369 1129 474 1176 temen
494 1113 592 1197 hujus
610 1115 714 1179 libelli
727 1115 824 1175 lectio
849 1119 1032 1196 posteritati
1055 1143 1157 1204 usque

60 1202 141 1265 edeo
159 1198 410 1272 commendavit,
433 1212 471 1258 ut
481 1200 620 1262 eximius
634 1199 790 1261 historiae
802 1201 941 1280 scriptor
953 1204 1096 1265 ΤΙιιιαηαε
1109 1227 1156 1268 re.

60 1281 355 1431 1.”11:.{3?.‘¹.⁶2¹35.⁰
366 1282 1156 1433 1331112323211011'13‡.11‘³.⁶13⁵.².5‘123¹¹‘

679 1414 687 1429 ·
773 1412 780 1429 ο
1115 1398 1157 1435 0·

59 1457 178 1518 doricus
191 1453 360 1534 Bignonius-
369 1452 508 1533 scripsit.
550 1442 719 1515 Commodi
741 1454 874 1534 perabat
892 1453 1000 1520 Claud.
1014 1446 1170 1521 Nicdsirss'

60 1565 130 1623 ¹cum
150 1539 261 1621 Sponio
277 1551 307 1597 et
325 1537 478 1600 Toinardo
489 1538 705 1604 Aurelianensi.
734 1540 862 1601 Socer.

142 1624 221 1693 Eud.
235 1626 255 1686 l.
271 1630 300 1690 8.
321 1619 380 1687 Ἐν
398 1615 538 1708 Ἀρμενίᾳ
559 1629 625 1707 πρ.)
648 1621 722 1687 Vid.
737 1624 827 1689 Dion.
843 1624 925 1690 Coss.
942 1634 993 1693 71.
1017 1626 1151 1711 Elegeis

59 1731 176 1772 nomen
194 1708 276 1784 loci,
302 1706 356 1767 ubi
375 1707 480 1767 clades
493 1709 547 1768 ills
564 1721 705 1789 accepts.
729 1708 820 1773 Nstt.
835 1730 867 1788 p.
884 1717 937 1776 40.
963 1711 1087 1772 some.

138 1790 215 1861 End.
228 1795 294 1861 1.·9.
319 1799 477 1856 Μᾶλλον
499 1792 557 1873 di]
581 1790 725 1873 Corrigit
738 1813 781 1855 se.
818 1794 870 1853 Ex
882 1795 1150 1857 antecedentibus

59 1879 159 1953 οὐδεὶς
179 1875 260 1950 ὅστις
276 1889 334 1936 etc.
354 1874 513 1956 potuisset
530 1875 648 1957 aliquis
666 1877 841 1961 conjicere,
863 1876 1043 1940 Lucisnnm
1059 1876 1155 1961 parvi¹
1251 1918 1253 1933 .

59 1969 163 2031 faeere
178 1975 209 2022 et
224 1963 313 2021 nullo
329 1964 402 2019 loco
417 1958 534 2021 habere
547 1960 627 2019 istos
642 1959 835 2034 historicon
859 1962 954 2023 immo
968 1984 1054 2038 vero,
1064 1986 1151 2024 nunc

59 2048 177 2130 inquit,
201 2058 277 2104 sunt
290 2042 497 2124 Thucydides
513 2058 544 2103 et
557 2043 727 2104 Herodoti.
750 2045 891 2110 Scilicet.
915 2048 964 2105 Its
979 2048 1070 2105 suxit
1087 2048 1150 2108 iro·

56 2134 155 2193 niem.
188 2127 272 2188 Illud
288 2135 401 2209 μᾶλλον
416 2128 448 2193 di
460 2129 555 2189 etism
571 2130 655 2189 infra
671 2150 698 2191 c.
716 2136 745 2199 8.
758 2128 832 2192 Jov.
850 2133 943 2214 Trag.
959 2152 984 2191 c.
999 2140 1051 2203 58.
1069 2131 1152 2193 Plat.

57 2213 402 2299 Sympos.c.37.§.3.
439 2214 530 2277 Rnn.

139 2298 215 2360 End.
228 2302 248 2363 l.
259 2307 307 2365 11.
336 2298 395 2372 Td,
417 2294 546 2377 πόλεμος
559 2295 612 2362 rin.
625 2302 676 2373 α.)
699 2298 874 2380 Empedocli
886 2298 1081 2362 scholiastes
1096 2300 1151 2360 tri·

55 2386 146 2461 buit,
167 2397 201 2443 et
221 2384 353 2443 omnino
371 2383 529 2443 sententis
552 2383 757 2464 Empedoclis
771 2398 829 2443 est.
874 2385 911 2444 V.
928 2384 1009 2446 Plus.
1024 2385 1058 2443 in
1078 2388 1151 2446 De·
1261 2376 1266 2389 ’

54 2471 168 2532 mettio
186 2475 279 2536 1708.
296 2483 329 2527 et
342 2469 461 2528 Metal.
480 2475 571 2534 1617.
587 2469 611 2526 f.
636 2467 725 2529 Clam.
740 2468 837 2529 Αἶσα.
851 2476 901 2537 25.
913 2470 956 2530 Β.
971 2485 1004 2538 et
1018 2470 1155 2533 Rimrss

54 2559 119 2617 hus.
132 2566 200 2617 not.
214 2552 252 2610 sd
276 2552 417 2634 Porphyr.
436 2575 467 2634 p·
484 2558 534 2621 st.
578 2550 640 2616 Sed
664 2553 757 2613 verbs
784 2551 935 2614 videntur
956 2555 1065 2632 potius
1086 2556 1150 2615 He·

56 2638 174 2700 racliti.
217 2636 298 2700 Plus.
313 2644 390 2712 660,
404 2645 432 2703 2.
450 2635 583 2719 deUIsid.
599 2652 632 2698 et
644 2637 727 2700 Osir.
750 2638 918 2717 Expressit
933 2637 1021 2698 Ouid.
1038 2655 1069 2701 et
1083 2639 1153 2700 tiis·-

57 2750 123 2785 cors
139 2720 439 2805 concordiafoetidus
453 2712 597 2803 optoesi„
614 2721 709 2781 Conf.
725 2721 849 2801 Menog.
864 2720 905 2783 ad
913 2722 1151 2804 Diogen.Ladrt.

56 2809 249 2889 etLipsium.
295 2806 419 2867 Confer
432 2821 465 2866 et
477 2807 613 2868 lcarom.
633 2827 660 2866 c.
673 2813 703 2873 8.
733 2805 858 2868 Sonsn.
1141 2808 1144 2813 '

140 2890 219 2951 Ibid.
245 2887 404 2974 Πόλεμος)
419 2890 479 2950 .Sic
491 2910 560 2973 pag.
574 2897 645 2957 728.
666 2885 796 2971 πόλεμον
814 2897 875 2953 τῶν
887 2886 967 2955 ὅλων
980 2891 1095 2969 πατέρα
1111 2888 1150 2956 εἴ·

56 3002 108 3041 ναι
130 2974 255 3051 ἐδόξατε.
299 2977 370 3035 Hac
392 2973 431 3036 de
450 2997 483 3036 re
504 2975 635 3056 copiose
655 2974 738 3057 Lips.
768 2975 902 3038 Bounn.
946 2975 1094 3057 Respicit
1109 2975 1151 3035 sd

57 3063 144 3122 illam
164 3062 418 3122 Heracliteorum
443 3074 585 3121 veterum
608 3056 877 3141 philosophorum
901 3057 1150 3141 ἰναντιοτροπὴγ,

57 3167 115 3227 per
128 3166 220 3228 quem
233 3141 390 3226 ἡρμόσθαι
408 3140 445 3209 rei
464 3140 553 3222 ὅντα,
574 3145 646 3226 ipse
660 3145 707 3204 sit
722 3141 808 3227 opud
820 3145 980 3227 Diogenem
995 3145 1155 3207 lairtiim·

57 3228 122 3307 IX,
137 3236 167 3294 7.
190 3229 382 3292 Heraclitus.
423 3229 527 3292 Nemo
541 3231 626 3291 forte
640 3228 816 3310 explicavit
829 3251 897 3291 eam
915 3227 1153 3310 ἐναντιοαρααὴν

58 3331 208 3375 esserum
231 3314 373 3373 omnium
390 3335 431 3398 egr
448 3334 559 3397 pugna
580 3310 719 3397 quedam
732 3317 960 3376 elementorum
982 3314 1150 3398 originem,

59 3398 224 3480 copiosius
241 3419 333 3478 quern
344 3397 559 3482 fflppecrotes,
581 3398 678 3459 modo
693 3399 721 3458 is
736 3412 848 3461 auctor
861 3399 919 3476 sit,
942 3397 983 3460 de
998 3397 1103 3459 disets
1116 3398 1150 3476 I,

58 3493 87 3552 6.
104 3505 170 3566 seq.
194 3483 276 3559 v11,
292 3492 323 3552 6.
343 3504 408 3565 seq.
428 3485 576 3567 inprimis
594 3488 676 3551 c.'12
690 3518 734 3541 -ψ
752 3491 802 3550 17.
823 3502 905 3563 quse
926 3504 1029 3567 nuper
1050 3503 1153 3565 expo.

59 3569 159 3631 suisse
175 3567 269 3628 nobis
292 3566 453 3649 videmur,
475 3591 547 3628 curn
634 3568 672 3643 ἃς
687 3565 911 3646 Ἱπποκράτους
925 3566 964 3627 td
979 3565 1152 3648 dissputw

61 3653 134 3712 dum
159 3650 294 3714 eruditis
313 3666 575 3734 proponeremus.
634 3648 707 3719 rsit.
751 3652 849 3713 Fscis
871 3648 943 3713 otim
963 3651 1152 3730 scholium,¹

61 3738 118 3819 qui
133 3734 172 3798 sd
191 3735 393 3820 Empedoclis
416 3738 503 3798 diets
524 3730 641 3819 respici
659 3752 778 3801 monet.
804 3732 989 3803 'Lucienus
1006 3741 1152 3798 voculam

60 3831 176 3897 νεῖκος,
200 3842 272 3905 qus·
282 3832 365 3883 'u's'us'
373 3838 422 3885 est
438 3822 667 3905 Empedocles,
691 3822 821 3885 videtur
840 3822 875 3883 in
889 3816 1153 3922 mdispop'rnutss·

60 3926 324 4053 {311311313
332 3906 529 4080 3¹:211&ss
543 3906 1153 4081 212⁰3552121‘111‘...1¹133.2²1⁵.ss

62 4089 213 4158 separet.
241 4076 331 4137 Ros.
460 4104 464 4113 ·
790 4088 794 4093 '
913 4110 929 4119 ··
