2634 4680
190 280 268 357 ωδ
452 286 1024 349 nnnuuantonns

190 448 352 522 cecinerat)
378 442 432 507 serl
449 444 538 529 qnod
554 466 604 511 uus
625 445 659 504 in
682 466 739 511 uuo
758 458 878 525 mutat,
901 450 970 527 olus
985 468 1061 525 veru
1074 468 1208 513 eausam
1225 472 1293 535 per·

187 535 292 615 spicio
309 534 438 593 nullam.
473 531 620 614 Utroque
632 529 728 590 modu
742 530 878 607 Graeci,
901 526 1062 612 ὁμώνυμός
1075 558 1136 599 τινι
1154 550 1189 597 et
1202 562 1292 613 saruc.

188 621 282 683 June.
325 618 440 677 Postea
459 614 494 673 in
510 635 606 698 marg.
622 615 731 677 Lectt.
751 613 893 678 Lusian.
911 614 1027 677 ansins
1047 614 1129 679 baeu
1145 617 1291 684 rddidit:

187 704 236 763 Ut
249 702 368 763 Graeca
384 698 504 759 dicitur
523 693 683 779 ὁμώνυμός
702 719 774 777 ooo,
795 712 829 761 et
845 700 911 778 uui,
935 699 980 759 ita
999 713 1031 761 et
1049 700 1172 763 Latini
1189 720 1291 767 extu-

185 790 252 849 lere
269 786 451 866 cognominis
465 786 509 844 tui
528 799 556 843 et
578 784 641 847 tibi.
686 783 768 845 Seru.
786 780 826 842 ad
842 784 901 847 VI.
916 782 1050 845 Aeneid.
1068 806 1099 845 v.
1114 794 1195 857 383.
1207 790 1289 851 facit

150 922 153 929 .
187 886 295 930 autem
318 869 371 929 hic
390 883 424 929 et
443 866 521 929 haec
541 867 762 951 cognominis;
796 888 870 927 nam
892 867 929 927 in
950 868 1059 931 Plauto
1081 874 1209 933 leotnrn
1228 888 1286 951 sat,

186 976 260 1013 uum
284 974 348 1013 una
375 950 414 1012 (le
434 951 652 1013 Bacchidibus
673 950 812 1025 diceret,
842 950 900 1013 iliu
927 955 985 1014 mei
1006 958 1196 1033 cognominis
1206 958 1285 1043 filit.

184 1039 276 1101 Hine
292 1035 377 1119 apud
391 1036 473 1098 Plin.
488 1037 550 1096 III.
564 1057 591 1095 u.
604 1042 634 1101 2.
646 1034 816 1119 legendum
832 1036 1068 1118 conjectabam,
1090 1045 1235 1121 opposita
1244 1058 1287 1103 aa

185 1123 355 1206 cognomini
365 1124 412 1182 sni
417 1124 535 1207 fluvio:
555 1120 613 1180 ubi
623 1118 802 1181 Hor-cininns
815 1124 935 1197 mallet,
953 1125 1123 1203 cognomini
1134 1124 1283 1203 sibi,·vel‚

184 1210 313 1270 nominis
333 1209 389 1267 sni.
433 1206 541 1285 Vulgo
558 1204 797 1283 circumfertur,
819 1208 1002 1287 cognominis
1019 1210 1075 1267 οιιί.
1117 1208 1199 1271 Nisi
1213 1210 1283 1273 Pli-

182 1296 252 1353 nins
265 1292 448 1373 cognominis
462 1293 509 1349 sni
526 1287 662 1366 dixerit,
685 1286 750 1348 huo
769 1302 834 1365 est,
858 1288 999 1351 numinis
1014 1290 1082 1369 sui,
1103 1314 1172 1377 quo
1188 1310 1281 1375 pantu

185 1379 286 1440 Tacit.
304 1375 381 1439 XII.
398 1374 483 1438 Anu.
497 1378 548 1441 55.
564 1388 803 1455 cognomentum,
825 1372 967 1451 honest,
989 1395 1116 1441 numen.
1140 1378 1210 1439 'Et
1222 1380 1282 1441 Irr-

182 1465 253 1521 atin.
268 1460 326 1522 IV.
349 1479 376 1518 c.
389 1466 421 1525 2.
442 1472 475 1519 et
488 1458 567 1528 Vll,
587 1467 613 1523 1.
637 1471 670 1517 et
681 1457 753 1533 XV,
769 1466 801 1523 2.
818 1458 1045 1540 cognominare
1059 1453 1130 1525 riori
1150 1470 1211 1529 auri
1221 1486 1280 1525 no·

182 1545 315 1604 minare.
340 1542 501 1605 Onrwtn.
541 1536 703 1622 Ἐνίκησας
719 1542 835 1603 Jenrins
858 1540 1019 1621 emendat,
1042 1536 1138 1626 guum
1159 1552 1213 1611 vel
1227 1548 1280 1609 in-

181 1628 261 1689 vitis
285 1626 480 1707 codicibus,
503 1640 536 1689 et
557 1627 630 1709 ipsu
644 1628 696 1689 M.
714 1626 770 1688 bio
791 1639 878 1689 teuta
898 1642 1082 1689 mouentem
1102 1634 1279 1715 sequimur.

181 1714 310 1775 SunArt.
1169 1770 1175 1777 .

266 1795 346 1858 Ibin.
374 1800 435 1861 Τοῦ
453 1791 616 1879 ὁμώνυμόν
640 1795 715 1875 uuo)
736 1796 818 1880 Lug.
834 1802 891 1861 τοῦ
905 1790 1068 1880 ὁμωνύμου
1080 1818 1151 1865 σου.
1173 1802 1279 1863 Maa-

182 1902 252 1943 crn.
295 1882 370 1942 Huu
393 1896 476 1961 etat,
501 1880 588 1963 quud
608 1903 703 1963 supra
724 1879 910 1957 monebam,
934 1880 1015 1943 duur
1038 1881 1144 1947 fuisse
1170 1886 1278 1957 Tinna·-

179 1967 261 2026 thoos
276 1966 434 2026 Musiuus.
477 1966 648 2029 Thebanus
664 1987 739 2050 ergo
754 1964 808 2025 hic
829 1966 940 2046 junior
953 1966 1081 2029 Milesii
1102 1972 1208 2033 melos
1223 1992 1275 2033 ca·

178 2050 286 2111 nebat.
330 2050 435 2111 Aliter
447 2064 552 2111 tamen
569 2050 640 2128 hic,
664 2073 757 2135 quam
774 2049 873 2125 edidi,
894 2049 930 2111 in
946 2049 1029 2114 Eud.
1041 2052 1175 2135 legitur,
1190 2076 1276 2119 nem·

178 2155 220 2214 pe
239 2129 405 2217 ὁμώνυμόν
423 2152 490 2200 σοι·
512 2133 568 2195 sed
584 2133 808 2196 emendatione
830 2133 890 2193 hau
912 2133 998 2194 nihil
1019 2136 1156 2217 certins',
1180 2160 1276 2224 qnam

177 2218 295 2300 partim
312 2220 407 2279 etiam
422 2240 440 2281 a
453 2218 598 2281 Marciliu
608 2220 708 2279 visam
723 2239 800 2293 esse,
810 2231 886 2278 nuta
900 2223 969 2300 ejus
986 2217 1119 2283 indicat.
1144 2224 1274 2290 Sorae.

178 2302 384 2362 Verissimum
398 2316 480 2383 putu
494 2302 636 2364 Marcilii
648 2308 863 2384 conjecturam
879 2317 1052 2364 correctam
1067 2326 1086 2367 a
1102 2304 1206 2371 Jensiu
1219 2316 1276 2375 τοῦ

177 2383 340 2467 ὁμωνύμου
357 2409 424 2462 σοι,
448 2407 579 2468 eamque
601 2387 867 2467 interpretatione
888 2388 1041 2469 expressi.
1083 2390 1276 2479 Distingnit

144 2453 152 2477 ⁸
176 2470 391 2550 homonymos
409 2470 490 2531 dnus
507 2470 706 2551 Timotheus,
728 2471 895 2531 tibicinem
910 2470 998 2532 bunc
1012 2471 1219 2557 Thebanum,
1242 2492 1276 2540 et

175 2554 344 2616 Milesium
361 2559 504 2633 alterum,
517 2561 657 2635 poetam,
671 2572 703 2617 et
716 2554 851 2617 eundem
869 2558 1187 2639 quoqueMusiuum.
1207 2560 1274 2623 Atl-

176 2636 300 2699 dendus
314 2639 368 2699 hiu
381 2644 472 2700 lucus
484 2639 643 2701 thesauris
657 2641 844 2701 Fabricianis
859 2640 941 2702 Bibl.
960 2641 1014 2703 Gr.
1028 2650 1065 2717 2,
1084 2649 1134 2709 19.
1149 2666 1183 2725 p.
1197 2654 1272 2715 694.

176 2724 344 2785 Caeterum
354 2724 572 2786 Pandionidem
579 2724 720 2786 fabulam
735 2722 925 2808 intelligo*)
948 2723 1173 2790 dePandiunis
1190 2730 1273 2793 lilia·

174 2806 250 2880 bus;
276 2808 311 2868 in
328 2831 390 2892 qua
407 2808 584 2870 Philomela
602 2811 770 2893 etPrugnu
786 2808 961 2870 mirabilem
978 2809 1108 2871 tibiuini
1125 2816 1275 2879 uncatiu⁴

172 2914 246 2953 nem
265 2893 427 2975 praebent.
469 2894 563 2974 Ajuac
574 2893 715 2979 furiosus
736 2892 849 2954 nobile
875 2909 1097 2977 argumentum
1115 2898 1182 2959 Tra
1206 2900 1273 2963 iou-

172 2999 242 3036 rum
257 2992 316 3047 etc.
341 2979 446 3041 Gnsn.
488 2981 528 3038 ln
550 3000 584 3040 re
600 2991 663 3038 tam
680 2978 850 3039 manifesta
872 2978 931 3036 uni
944 2977 1020 3043 Pell.
1035 2920 1273 3047 obscoenitas

172 3062 251 3119 satis
269 3060 386 3134 habui;
409 3083 483 3122 nam
498 3061 560 3123 etsi
580 3066 747 3146 vulgatum
768 3056 931 3144 ὁμώνυμον
953 3060 992 3121 atl
1013 3064 1101 3146 μέλος
1118 3070 1270 3139 relatum.

172 3144 311 3228 aliquem
328 3166 454 3206 sensum
474 3146 593 3221 faciat;
616 3161 806 3209 nontamen
827 3168 899 3209 eum
913 3144 1061 3229 exhibet,
1084 3168 1271 3233 quemano.

171 3244 225 3290 tur
237 3228 356 3293 voluit.
377 3232 503 3292 Ratun.
770 3274 773 3279 -

254 3313 367 3378 Enril.
386 3323 434 3383 16.
454 3308 522 3379 Ἐπὶ
541 3313 598 3397 τὴν
618 3320 751 3399 γλαῦκοι)
774 3315 905 3377 Noctua
929 3330 1029 3377 nuetu
1044 3316 1155 3391 videt,
1179 3320 1271 3385 canit

105 3414 108 3419 ’
172 3412 206 3459 et
220 3402 309 3461 volat
326 3403 413 3481 sula,
435 3399 548 3461 odiosa
571 3402 703 3462 caeteris
727 3400 857 3470 avibus,
882 3402 916 3460 in
939 3421 1017 3483 quas
1038 3416 1141 3463 astuta
1162 3406 1269 3467 utitur

172 3482 399 3547 dimicatione:
422 3505 494 3543 nam
520 3484 715 3547 avicularum
736 3483 944 3549 multitudine
960 3485 1154 3547 circumdata
1173 3510 1269 3551 resur-

170 3568 251 3647 pina
265 3566 399 3650 pedibus
416 3583 556 3652 pugnat,
578 3574 775 3652 collectaque
790 3571 824 3629 in
840 3591 957 3645 aruum,
979 3584 1084 3634 rostro
1100 3584 1132 3632 et
1145 3574 1266 3657 ungui·

171 3650 232 3710 bus
248 3667 317 3713 tota
330 3653 467 3735 tegitur:
489 3654 519 3713 ei
532 3655 705 3713 auxiliatur
719 3653 887 3736 accipiter,
910 3652 1037 3719 foedere
1051 3652 1192 3736 quodam
1208 3680 1267 3725 na.

171 3750 278 3815 turae,
301 3752 339 3796 ut
358 3738 467 3821 inquit
485 3738 567 3801 Piin.
588 3738 728 3803 Laertius
747 3738 879 3814 scribit,
900 3739 1066 3802 Timonem
1084 3738 1265 3813 Phliasium

204 3960 1266 4111 *mistaten-anteaeainrtzzetttrtatttttet

237 4098 260 4159 li
267 4135 276 4167 ‚
295 4108 323 4155 ot
335 4100 416 4156 illiou
428 4103 542 4163 additur
554 4106 622 4172 ajax
632 4105 730 4163 iurent
737 4139 748 4170 ,
764 4120 830 4163 unm
848 4104 961 4156 Gesnero
973 4102 1105 4159 iacerem.
1122 4104 1231 4167 Erras.
