2634 4680
246 302 286 349 ru
314 282 495 358 oooudno
522 295 698 343 msrortm
724 296 782 343 srr
809 296 959 345 cousus.
1066 277 1146 354 645

46 452 98 508 lus
114 460 216 519 certe3
239 449 292 527 τῆς
306 447 345 508 tr.
362 440 548 526 gravissime
563 438 715 523 impedit,
740 462 807 525 quo
828 441 934 504 miuus
948 445 1145 510 meretricem

48 533 113 594 huo
132 532 346 601 admittamus.
369 529 490 588 Lnrrru.

137 614 212 675 Eas.
227 619 247 676 l.
264 622 294 682 6.
313 608 381 676 Ἐν
402 607 581 689 τούτοις]
605 608 656 669 ΧῙυ
679 622 817 671 mentem
837 610 947 676 venitr
975 614 1009 678 ἐν
1028 610 1143 701 τούτῳ,
1223 670 1226 677 .

46 716 86 761 ut
101 700 140 761 ad
157 706 260 777 solum
276 695 425 783 ἐγκώμιον
445 695 616 771 referatur,
640 693 717 773 quia
743 712 783 753 ne
800 693 944 758 modicae
964 698 1092 779 quidem
1112 716 1146 763 et

46 800 141 866 aptae
167 783 295 844 fictioni
310 786 400 843 locus
418 793 465 839 est
482 779 517 836 in
535 776 683 839 historia.
726 775 844 839 Sed'ex
860 779 1041 843 rationibus
1056 790 1146 869 ojusa

46 868 135 930 modi
151 867 197 927 nil
214 886 329 928 censeo
346 861 557 938 movendum,
581 875 613 922 et
629 860 939 928 mutandum.=Run.
1111 916 1115 925 .

131 951 209 1012 Eat.
226 956 247 1011 λ.
263 959 294 1018 7.
320 944 533 1032 Ἆλουργέσιλ
548 946 643 1029 Angl·
664 941 811 1029 ἆλουργὲς
831 971 870 1011 τι.
896 948 1030 1016 Bouun.
1072 952 1145 1014 Ibi-

47 1035 118 1099 dem
130 1038 176 1096 ait
192 1051 314 1111 auctor,
327 1031 475 1095 Postices
491 1044 676 1092 ornamenta
686 1030 721 1089 in
731 1031 896 1092 historiam
913 1035 1145 1116 transfundere,

46 1122 133 1182 idern
149 1142 232 1196 esse,
258 1114 356 1198 ὥςπερ
372 1111 412 1180 ἆυ
428 1119 458 1181 ελ
471 1142 517 1193 τις
538 1108 676 1196 durastis
688 1122 749 1180 ταῖν
765 1122 920 1200 καρτεροῖν
940 1115 1073 1199 τούτων,
1094 1126 1146 1190 καλ

45 1209 161 1291 κομιδῇ
177 1207 326 1288 πρινίνων
346 1198 502 1286 ἁλουργέσι
524 1197 702 1281 περιβάλοι,
734 1202 787 1265 καλ
810 1209 854 1283 spi
874 1197 955 1289 ἄλλῳ
977 1201 1082 1285 κόσμῳ
1102 1216 1146 1287 τῷ
1213 1204 1217 1215 ’

46 1294 195 1372 ἑταιρικῷ.
239 1289 299 1349 Pro
315 1283 473 1371 ἁλουργέσι
486 1287 521 1345 in
538 1286 609 1346 MS.
626 1287 721 1368 Angl.
738 1281 881 1368 ἁλουργές
894 1312 922 1351 τι
936 1301 1078 1369 asstare,
1098 1305 1145 1353 te·
1244 1320 1247 1324 ·

47 1389 151 1434 statur
161 1371 381 1434 Bourdelotius.
423 1369 486 1431 Sed
509 1392 581 1430 cum
598 1368 677 1431 haec
693 1370 782 1430 lusti
801 1371 917 1448 lectio,
940 1375 1145 1454 sequentium

46 1457 316 1535 rationabatur,
339 1458 384 1516 sit
399 1459 543 1529 soloeca‚
567 1458 697 1535 vulgata
712 1456 811 1515 lectio
828 1455 985 1517 censenda
1000 1472 1048 1517 est
1063 1460 1145 1520 inte-

49 1543 201 1626 gerrima:
225 1542 294 1603 Non
304 1565 403 1621 secus,
425 1564 463 1601 uo
476 1543 503 1600 si
518 1542 584 1623 quis
595 1537 735 1599 athletam
747 1539 876 1622 aliquem
888 1565 929 1602 ex
944 1541 1069 1603 robustis
1082 1543 1145 1605 iltis

47 1645 75 1687 et
99 1622 259 1687 admodum
278 1625 406 1704 validis,
435 1624 541 1685 induat
557 1627 710 1705 purpureis
729 1625 870 1700 vestibus,
906 1625 1024 1708 alioque
1040 1645 1147 1689 ornatu

46 1714 221 1773 meretricio.
244 1711 338 1775 Jsss.
382 1712 483 1770 Recte
498 1707 626 1790 quidem
642 1706 771 1771 doctiss.
786 1709 863 1770 λεια.
882 1704 1041 1795 ἇλουργλσι
1058 1732 1147 1793 prae·

47 1798 113 1856 fert
127 1796 220 1856 alteri
241 1795 377 1856 lectioni
396 1790 591 1876 ἆλουργὲςιι·
604 1811 724 1851 Ινοῐιιοι
740 1813 804 1855 non
821 1791 953 1878 dubitp,
987 1797 1066 1877 quin
1082 1800 1145 1879 jam

48 1881 152 1960 magis
167 1879 210 1937 sit
227 1878 419 1958 probaturus
437 1874 519 1936 illud
538 1871 709 1958 ἁλουργίσι,
739 1875 825 1958 quod
848 1898 890 1938 ex
913 1881 1088 1942 'collatione
1100 1881 1147 1941 -iu

48 1985 148 2045 marg.
169 1962 308 2041 Aldinae
327 1961 562 2043 Wesselr'ngonae
584 1959 780 2021 admisimus.
802 1962 926 2023 Rnrrz.
967 1956 1146 2048 ‘Atoopyr'gt

46 2052 196 2129 πορφυρᾶ
208 2050 320 2128 χλανίς.
345 2046 466 2106 Suidos.
510 2046 555 2105 Et
569 2045 696 2126 saepius
709 2047 828 2130 legitur
841 2046 875 2106 in
883 2047 1016 2117 Nostro.
1038 2049 1145 2109 Prom.

49 2154 119 2211 cap.
135 2141 165 2198 4.
182 2136 211 2199 5.
229 2131 310 2190 Piso.
327 2138 378 2200 36.
394 2130 497 2212 Epist.
521 2131 647 2192 Saturn.
670 2138 721 2196 21.
768 2131 829 2190 His
854 2152 919 2191 non
945 2132 1146 2195 obstantibus

48 2215 196 2299 equidem
220 2216 425 2297 praetulerim
438 2211 606 2298 ἁλουργέσι
640 2236 712 2274 nom
732 2215 794 2277 huo
809 2214 1026 2298 Adjectivum,
1049 2220 1146 2280 etiam

50 2301 168 2360 omisso
191 2297 303 2379 ἐσθὴς,
335 2299 498 2383 significat
519 2314 639 2361 vestem
660 2321 873 2382 purpuream
907 2301 1032 2365 delion.
1046 2303 1085 2367 V..
1100 2304 1149 2363 H.

48 2386 132 2461 ΧΠ,
148 2393 198 2453 32.
219 2378 432 2467 Ἐμπεδοκλῆς
452 2418 495 2432 -
516 2380 660 2468 ἁλουργεῖ
673 2382 826 2467 ἐχρήσατο.
870 2384 931 2445 Est
946 2385 1062 2449 deinde
1079 2387 1147 2447 dif-

50 2469 170 2529 ficilior
191 2484 223 2530 et
237 2469 424 2530 inusitatior
443 2471 557 2547 lectio,
587 2468 672 2532 undo
696 2471 835 2555 denique
849 2470 977 2531 facilius
997 2472 1074 2533 oriri
1088 2494 1147 2553 pm

48 2555 116 2612 tuit
137 2549 282 2636 ἁλουργές
305 2581 343 2618 τι.
372 2555 464 2614 Run.
515 2555 555 2614 In
576 2553 709 2614 Aeliano
732 2577 797 2616 non
819 2569 947 2634 poterat
968 2555 1049 2619 bene
1072 2556 1146 2616 addi

47 2636 151 2715 ἐσθὴς,
173 2638 326 2719 quoniam
341 2636 437 2697 modo
453 2638 486 2696 iu
503 2639 685 2698 narratione
701 2653 924 2718 praecesserat.
968 2640 1056 2700 Hinc
1069 2660 1146 2723 ergo

47 2721 193 2779 nondum
210 2721 372 2801 sequitur,
395 2715 546 2803 ἁλουργὴς
559 2720 749 2800 simpliciter
770 2743 863 2805 posse
876 2722 942 2781 dici
955 2741 1059 2784 vestem
1076 2750 1147 2808 pur-

45 2828 178 2888 puream,
197 2804 314 2864 omissa
328 2825 408 2863 voce
421 2803 632 2866 substantiva.
678 2804 797 2866 Addita
811 2820 916 2867 autem
933 2806 1011 2869 haer
1029 2810 1148 2889 reperi-

50 2905 104 2948 tur
119 2910 168 2968 ap.
183 2888 337 2949 Nostrum
351 2886 471 2969 Imagg.
485 2910 511 2950 c.
530 2897 578 2954 11.
601 2883 753 2971 ἁλουργὴς
764 2889 869 2972 ἐσθής.
899 2890 1001 2966 Alias,
1015 2906 1052 2949 ut
1066 2893 1148 2955 hene

49 2973 178 3032 notavit
194 2970 391 3053 Rudolphus‚
415 2973 652 3055 frequentatius
671 2990 718 3034 est
734 2990 842 3036 nostro
867 2974 1016 3055 scriptori
1040 2969 1149 3060 αἴλουρ-

47 3060 115 3142 γίς,
142 3070 173 3118 et
188 3055 249 3116 hos
265 3055 345 3117 adeo
361 3061 434 3118 loro
451 3057 532 3118 bene
546 3057 730 3119 restitutum
749 3081 766 3119 a
783 3058 909 3124 Reitrr'o.
931 3059 1051 3123 Lanu.

135 3140 209 3221 Pag·
228 3148 299 3209 176.
314 3145 337 3201 l·
354 3150 383 3208 1.
412 3139 453 3205 Tot
467 3143 587 3223 ἔπειτα)
608 3141 714 3204 Probo
732 3147 906 3206 lectionem
922 3146 1075 3228 marginis
1088 3143 1149 3204 At·

48 3224 140 3286 dinae
157 3224 408 3306 lb'esselingonoe,
433 3231 556 3311 qualem
576 3226 617 3287 ob
634 3231 745 3289 oculos
759 3229 854 3290 etiam
867 3227 996 3289 videtur
1013 3228 1150 3288 habuis-

46 3332 82 3370 se
97 3309 244 3393 Micyllus
256 3311 428 3391 interpres,
453 3313 509 3393 qui
523 3326 675 3388 verterat,
699 3318 787 3395 quasi
805 3317 946 3396 posteris,
977 3337 1036 3375 non
1055 3337 1148 3394 proe-

46 3395 177 3454 sentibus
189 3393 365 3455 scribantur.
387 3396 511 3457 Rurrz.
555 3395 618 3459 Sed
630 3395 667 3459 roi
682 3395 857 3458 difficilius.
880 3399 1043 3473 Notatur,
1060 3397 1149 3457 Neu·

48 3494 135 3540 trum
162 3479 289 3556 saepius
309 3479 368 3539 tati
390 3502 477 3540 nexu
498 3479 537 3543 de
556 3478 744 3542 hominibus
767 3481 841 3545 dici.
871 3483 960 3543 Run.
1003 3484 1087 3544 Sunt
1111 3478 1149 3545 roi

47 3565 150 3627 ἔπειτα
159 3562 279 3644 judicia
288 3579 486 3644 posterorum,
509 3586 576 3625 uon
593 3566 739 3645 proxime
748 3569 860 3647 posteri
874 3566 950 3647 ipsi.
972 3566 1092 3627 Lsrrm.

132 3648 211 3709 Eat.
227 3651 248 3708 1.
263 3657 296 3715 2·
310 3643 405 3711 ’Ὅσοι
421 3651 509 3723 etc.)
530 3650 570 3709 Iu
585 3650 652 3710 Μι.
674 3648 726 3711 hio
743 3654 833 3711 locus
855 3649 902 3711 sio
920 3651 1056 3736 legitur:
1081 3646 1154 3715 ὅσοι
1246 3656 1251 3663 ’

51 3725 85 3798 δ’
101 3734 218 3796 ολόνται
230 3738 328 3806 καλῶς
341 3737 467 3814 διαιρεῖν
478 3737 520 3808 εἰς
533 3730 588 3799 δύο
600 3733 659 3813 τὴν
675 3737 826 3817 λσιορλαυ,
850 3737 893 3809 εἰς
906 3731 940 3799 sd
954 3730 1082 3818 τερπνὰν
1096 3739 1149 3801 καλ

45 3813 213 3901 χρήσιμον,
234 3813 364 3901 κιβδήλῳ
382 3826 420 3903 τῇ
431 3819 572 3900 διαιρέσει
584 3816 750 3900 χρώμενοι,
772 3821 822 3884 κοιλ
834 3815 883 3882 dui
895 3825 986 3885 τοῦτο
1000 3823 1149 3895 εἶςποιοῦ-

49 3924 100 3966 σιν
114 3903 167 3965 καλ
182 3899 216 3965 rd
233 3898 382 3985 λγκῶμιου
398 3905 429 3978 ἐς
443 3897 559 3986 ου’τήν,
583 3899 625 3977 oie
646 3901 774 3988 τερπνὸν
794 3905 846 3968 καλ
866 3899 1050 3987 εὖφροῑνονρ
1080 3912 1151 3969 τοῦ·

45 4011 103 4051 ἰον
124 3982 316 4069 λυιυγγᾶυειν
333 3981 409 4074 ὁρᾷς
432 3984 505 4053 ὅσον
523 3984 679 4070 τάληθοῦς
698 3983 908 4073 ἡμαρτήκασι,
936 3996 1057 4074 πρῶτον
1076 3991 1148 4068 μὲν,

46 4065 89 4149 οἱς
100 4074 231 4154 ελρηιαι,
252 4066 386 4159 κιβιλήλγ
399 4080 437 4161 τῇ
451 4075 594 4161 διαιρέσει
605 4069 766 4159 χρώμενοι.
787 4077 822 4141 λυ
834 4070 892 4159 γολρ
906 4075 1004 4160 ἔργον.
1048 4072 1147 4157 Quod

10 4194 28 4251 ¹4-
82 4173 196 4225 meran.
216 4168 277 4225 rot
297 4173 351 4223 ιν.
856 4158 898 4221 M
912 4182 943 4220 m
