2634 4680
317 282 922 336 tnunnnorruuu.
1099 266 1175 340 tos

10 450 35 489 ι
158 429 270 494 Eud-l.
286 435 336 496 17.
361 431 419 495 Σοί
435 431 490 512 μὲν
507 432 575 507 lul)
596 431 713 493 Mend.
734 433 867 495 Βουτώ.
910 432 1070 494 Meudosa
1093 432 1174 495 Isaeo

10 520 34 582 !
76 535 158 588 esse,
182 511 323 573 dubitari
342 535 408 574 non
421 516 546 594 potest.
589 515 660 598 Qua
680 514 896 577 rationevero
913 516 1172 596 restituerentur,

10 626 33 663 ‚l
72 597 217 658 nondum
236 598 375 681 contigit
395 598 476 659 mihi
499 616 665 680 exputare.
709 600 748 659 In
765 621 828 659 uua
842 600 878 664 B.
896 608 925 666 1.
938 601 1172 684 interrogative

10 710 33 746 .t
68 682 153 756 ,haec
169 681 327 742 sententia
343 681 429 743 edita
443 698 507 756 est,
531 694 562 746 et
577 706 594 745 a
613 685 704 747 Vino·
719 683 871 765 Opsopoeo
885 683 973 743 huno
989 685 1024 742 in
1041 684 1171 746 moduni

10 773 31 831 ἰ
73 787 242 826 conversa:
264 767 370 828 Nonne
383 766 464 828 vides
477 771 569 849 igitur
582 773 752 829 immensum
767 767 982 829 multitudinem
998 774 1172 852 promitten-

10 877 30 916 ι
71 855 145 910 tium
166 866 194 909 et
214 852 429 939 (affirmantium
449 857 559 913 sevios
576 856 688 935 peritos
702 852 786 916 esse?
828 851 1170 935 Quaomirunpquen-
1249 904 1254 919 .

10 930 29 1005 .'
70 949 137 992 tum
164 955 181 992 a
204 948 295 994 textu
315 935 387 1015 ipso
414 935 576 1000 recedunt.
620 938 768 998 Ceterum
791 938 838 1001 σοὶ
859 935 893 995 in
916 936 1067 997 omnibus
1090 951 1170 1002 vett.
1251 946 1257 967 '

10 1049 28 1087 ι
69 1017 153 1078 Edd.
167 1018 304 1101 legitur,
329 1040 395 1077 non
411 1039 477 1098 oss,
502 1033 538 1081 ut
552 1020 585 1080 in
602 1020 699 1083 Βατία.
717 1035 749 1081 et
763 1034 897 1082 reeentt.
928 1019 1024 1102 Quod
1041 1041 1168 1094 moneo,
1207 1099 1210 1105 Ι

10 1136 26 1187 ‚2
69 1117 105 1160 ut
122 1099 303 1161 similitudo
322 1108 446 1181 pateat,
469 1125 552 1186 quae
571 1105 657 1165 inter
674 1103 759 1165 hano
779 1103 950 1166 lectionem
969 1119 1001 1166 et
1015 1102 1096 1166 illud
1113 1103 1174 1172 σόν
1296 1158 1300 1165 .

10 1220 25 1258 ι
69 1188 103 1246 in
121 1188 155 1246 P.
173 1184 356 1248 intercedit.
401 1188 496 1251 Unde
517 1191 581 1271 jum
604 1189 748 1271 Seogerus
771 1186 806 1247 in
831 1188 932 1251 Class.
959 1186 1169 1254 Joum.v01.

66 1270 162 1331 XIII.
180 1291 213 1350 p.
229 1274 281 1335 72.
305 1291 370 1329 non
390 1276 470 1334 male
491 1272 632 1355 conjecit
652 1274 717 1357 legi
741 1293 852 1355 posse:
875 1270 973 1339 ὅσον
995 1271 1050 1353 μὲν
1068 1274 1116 1338 tnl
1132 1273 1168 1340 sd

10 1391 21 1428 ,
64 1351 119 1418 sin.
162 1352 244 1413 Nam
264 1355 305 1418 ἔτι
322 1353 451 1434 quidem
469 1357 503 1417 in
519 1358 552 1418 P.
568 1378 628 1439 pro
640 1359 689 1423 lul
709 1356 890 1418 exhibitum
912 1378 978 1418 non
995 1355 1167 1419 admodum

65 1438 195 1499 videtur
216 1437 463 1519 respiciendum.
508 1441 563 1502 sic
585 1442 687 1502 facies
712 1441 778 1502 loci
797 1439 883 1503 haud
908 1440 1038 1523 quidem
1054 1441 1109 1500 ine
1133 1456 1169 1504 ta
1298 1498 1301 1503 .

10 1568 17 1601 ,
63 1521 219 1595 evaserit3
256 1523 430 1607 genuinam
462 1546 540 1588 vero
576 1547 661 1604 esse,
695 1525 845 1609 equidem
880 1544 948 1589 non
985 1463 1168 1611 preestaio·

10 1648 16 1681 p
59 1610 179 1668 Intulit.

10 1758 14 1769 ,
147 1689 220 1775 Pog.
235 1700 288 1762 57.
303 1697 325 1754 1.
340 1700 371 1763 5.
391 1687 458 1758 Ἐπί
473 1688 528 1769 τώς
541 1689 692 1775 ἔραταας)
712 1693 764 1755 Ne
779 1691 852 1775 q'uis
863 1691 972 1753 eredat
991 1694 1106 1755 melius
1119 1697 1165 1772 le.

10 1819 13 1852 3
65 1778 97 1861 gi
118 1776 168 1841 ἐπὶ
186 1786 239 1859 τῆς
262 1774 394 1857 ἄρκτου,
415 1775 493 1862 vquia
516 1799 579 1848 una
598 1792 722 1838 tautum
748 1778 977 1859 septentrionis
995 1791 1041 1839 est
1055 1780 1164 1863 plaga,

61 1860 259 1938 meminerit,
283 1862 423 1924 Graecos
448 1862 651 1943 potissimum
677 1861 732 1923 hio
748 1862 867 1945 plurali
889 1882 975 1922 num.
991 1863 1062 1931 uti,
1087 1863 1164 1944 quia

62 1945 145 2004 duae
161 1961 238 2005 sunt
260 1946 380 2029 ἄρκτον,
402 1966 476 2005 ursa
498 1950 616 2026 major,
640 1961 672 2007 et
685 1945 979 2028 minor„qusmvis
995 1959 1027 2004 et
1045 1944 1165 2029 singn-
1208 2023 1211 2028 ι

12 2083 18 2091 .
60 2029 121 2090 lari
137 2028 246 2090 Strabo
268 2051 361 2111 saepo
381 2032 509 2105 utatur,
533 2050 592 2138 pro
615 2030 854 2112 septentrione,
878 2044 915 2089 ut
936 2029 976 2089 L.
995 2029 1022 2093 I.
1038 2049 1070 2112 p.
1092 2036 1162 2098 109.

60 2116 123 2194 (³l·
139 2114 213 2197 65.)
230 2115 260 2191 ἕξ
272 2109 392 2201 ἦμτρών
409 2112 508 2179 ττίοῦν
522 2116 645 2201 enixus
657 2111 734 2199 πρὸς
749 2113 879 2196 ἔρανόν,
902 2128 934 2174 et
949 2111 1039 2176 alibi.
1084 2115 1161 2176 Plu·

58 2197 119 2256 ruli
135 2212 239 2259 autem
254 2201 379 2284 Dionys.
388 2196 451 2260 'At
469 2198 582 2282 Perieg.
600 2198 640 2262 de
657 2200 722 2263 situ
740 2198 837 2260 Orbis
854 2221 883 2259 v.
902 2205 971 2266 130.
992 2195 1110 2281 optes
1129 2192 1160 2271 l’
1280 2257 1284 2269 .

55 2282 91 2345 ln
113 2285 215 2347 κείνου
234 2285 435 2366 τετραμμένος
456 2274 550 2359 αὖθις
572 2278 622 2351 ἐπ’
642 2281 783 2368 ἄρκτους.
828 2283 873 2344 Et
893 2286 940 2344 sio
956 2283 1012 2342 alii
1027 2284 1158 2370 passim,

57 2364 144 2450 quod
160 2367 192 2426 in
211 2373 326 2452 vulgus
343 2369 618 2452 notumploribus
633 2391 699 2431 non
715 2367 826 2450 probo.
854 2368 979 2429 Rarus.
1145 2380 1149 2387 ‘

141 2451 219 2514 End.
235 2456 256 2512 1.
274 2462 303 2520 7.
329 2453 492 2540 Εὔανδρος)
515 2454 548 2519 Ρ.
565 2455 606 2514 L.
622 2454 672 2516 ed.
692 2453 723 2518 J.
746 2467 778 2516 et
791 2452 830 2518 Β.
846 2462 876 2520 2·
900 2455 1040 2535 ἔνυδρος,
1063 2467 1096 2513 et
1109 2450 1159 2515 =sio

57 2535 135 2595 olim
158 2536 264 2596 fuerat
287 2538 320 2597 in
343 2541 394 2605 M.
439 2536 500 2598 sed
523 2542 652 2621 vulgata
678 2543 792 2618 placet.
835 2535 912 2598 Vid.
931 2532 1156 2601 ventitant.
1225 2544 1241 2564 ⁸·

57 2642 127 2700 cap,
142 2628 191 2686 28.
208 2620 304 2682 Rbet.
320 2624 427 2685 Praeu
445 2644 471 2686 c.
487 2630 519 2689 7.
536 2637 568 2683 et
584 2620 698 2683 Herod.
713 2622 778 2701 1V,=
791 2616 861 2692 105.
889 2623 1033 2705 Usurpat
1049 2622 1157 2687 tamon

54 2705 338 2785 etiamluvtlpogin
355 2706 631 2789 Nevig.oap·20.
673 2704 801 2787 Sonsnu'.
916 2704 919 2711 '

140 2787 216 2848 Eut.
240 2794 261 2850 l.
281 2798 330 2856 11.
355 2786 610 2871 Ἐνανταώματα)·
625 2789 742 2851 Variae
776 2789 848 2852 viae
872 2787 911 2850 ad
941 2786 1156 2860 beatissimsdr

53 2873 140 2932 illam
156 2872 318 2935 civitatem
334 2873 505 2950 ducentes,
528 2873 681 2934 dicuntur
699 2876 729 2949 ἐς
744 2873 781 2938 τὰ
796 2869 1000 2957 ἐναντιώματα
1011 2880 1157 2941 relevrai*

53 2980 114 3020 σαι.
161 2957 215 3019 sic
239 2956 369 3039 quidem
390 2979 519 3037 omnes,
542 2979 619 3045 quas
640 2957 739 3039 vidi„
752 2958 924 3020 editIones.
967 2959 1057 3043 Lege
1077 2972 1156 3019 tsn-

54 3041 124 3103 dem
142 3041 319 3122 aliquando
334 3040 540 3110 ἒναντιώτατα.
562 3042 657 3108 lens.
688 3034 840 3117 Nescio,
865 3064 961 3129 quare
974 3043 1025 3107 vir
1038 3038 1153 3107 dusios

54 3126 108 3185 hic
125 3148 182 3206 pro
198 3124 400 3209 ἐναντιώματα
413 3129 560 3190 emendet
572 3125 786 3207 ἐναντιώτατα,
809 3148 880 3189 cum
898 3148 962 3191 vox
978 3127 1022 3188 sit
1036 3124 1150 3210 probus

51 3209 202 3293 idemque
222 3217 342 3289 valeat,
366 3212 454 3297 quod
475 3217 606 3281 ἐναντία.
648 3213 765 3277 Pollux
786 3214 904 3275 Onom.
926 3214 965 3279 1..
988 3212 1027 3279 V.
1051 3217 1151 3279 ow.
1268 3289 1272 3292 ι

50 3298 172 3360 ἐναντία
189 3310 222 3357 tt
243 3297 445 3380 ἐναντιώματα
462 3316 500 3359 ut
512 3321 693 3380 synonyma
710 3298 817 3382 pouit.
839 3301 880 3360 1.
896 3299 976 3361 Bos.
1019 3295 1153 3363 Scilicet

51 3381 169 3442 Pollux
185 3385 205 3441 l.
218 3384 241 3443 l.
259 3383 345 3446 inter
358 3384 447 3446 varia
469 3383 646 3463 voeabula,
668 3405 747 3468 queo
766 3383 971 3488 impedimento
985 3378 1152 3462 (sstulo'pu⁶

50 3466 106 3548 τα)
128 3465 331 3547 significent,
360 3468 460 3530 refert
475 3471 705 3550 lpsrodloposu,
737 3470 881 3551 ζαιαδια,
911 3469 1091 3541 leonto,
1114 3467 1151 3533 ί*

51 3546 316 3629 ναντιώματα,
338 3550 487 3636 ἐμποδών,
511 3548 842 3638 φρᾶγματηένγμηα,
855 3549 1015 3632 πρόβολον.
1036 3546 1151 3633 Quod·

52 3634 80 3693 si
96 3656 171 3716 ergo
188 3637 308 3701 ἐναντία
322 3652 355 3700 et
373 3637 574 3718 ἐναντιώματα
588 3652 862 3718 synonymarum
877 3633 1044 3712 habenda‚·
1068 3655 1150 3713 uon·

51 3718 117 3777 nisi
137 3734 270 3781 eatenus
293 3737 385 3798 suut,
417 3742 479 3804 qua
502 3724 567 3785 vim
588 3721 768 3822 impediendi
787 3738 926 3802 utreque
947 3741 1013 3781 vox
1032 3718 1150 3787 babere

52 3815 168 3880 potest.
206 3804 299 3888 Quae
314 3807 363 3867 vis
378 3828 444 3867 non
459 3806 561 3891 tnagis
575 3806 653 3869 huso
666 3811 742 3869 looo
759 3805 930 3882 convenit,
955 3824 1048 3887 quam
1064 3822 1149 3884 qus·

53 3883 133 3945 alibi
151 3886 189 3946 ab
207 3888 318 3953 eodem
333 3890 456 3955 Polluce
468 3892 533 3967 vl,
552 3899 625 3961 180.
639 3891 743 3952 eidem
762 3890 835 3955 vooi
849 3892 1018 3973 ἐναντίωμα
1032 3885 1149 3955 tribui.
1187 3888 1191 3901 ‘

54 3983 124 4046 tur,
157 3988 381 4051 portentosam
407 3975 442 4039 in
461 3981 608 4062 catalogo
632 3975 880 4054 vocabulorum,
903 3994 986 4057 quse
1001 3968 1159 4055 dissueti.

54 4080 113 4118 των
128 4047 262 4138 ὀνόματα
275 4072 382 4125 voest.
428 4060 519 4146 Quid
533 4059 659 4123 mults?
683 4080 778 4124 remo
790 4081 879 4123 ouuo
889 4060 999 4140 isoils,
1021 4059 1078 4143 qui
1094 4068 1152 4149 vo·
