2634 4680
167 278 244 355 504
437 293 998 347 srrnornrrones

168 460 247 507 mot.
264 466 289 505 c.
306 449 357 511 52.
376 454 444 502 not.
463 442 563 502 Diali.
577 443 690 503 iiiortt.
707 440 803 517 XIX,
819 447 846 505 l.
862 438 900 498 de
918 443 1011 519 cujus
1028 430 1190 519 postremi
1204 446 1272 507 Ioci

169 528 329 613 probitate
343 524 484 586 dubitari
497 540 602 586 tamen
618 545 712 605 posse
726 525 838 583 fateor.
864 519 1206 607 'Eynotdmttvautem
1221 530 1272 595 dni

168 623 211 679 roi
223 614 357 696 τροπαίῳ
376 629 440 670 non
462 609 577 691 magis,
602 608 714 683 credo,
739 606 901 668 offendere
921 622 1043 693 potest,
1067 630 1167 691 quam
1184 612 1271 679 ἔνου.

170 681 232 780 ρἐἶν
248 698 280 759 ἐν
291 705 332 779 τῷ
345 696 422 777 μέσῳ
430 692 569 753 Conviv.
580 715 606 753 c·
617 697 667 761 35.
687 695 851 775 ἐπιβαίνειν
868 692 916 756 ἐπὶ
933 700 992 756 τῶν
1005 688 1156 759 huten
1166 698 1271 761 Diail.

168 784 284 843 Mortt.
302 778 446 849 XXVII,
465 783 495 845 5.
515 782 647 857 ejusque
663 776 787 859 generis
815 780 931 851 multa,
957 796 1038 857 quae
1052 778 1199 862 scriptor
1214 804 1271 843 no·

169 882 233 927 ster
249 864 378 925 amavit.
422 864 507 921 Mox
528 867 648 936 lenem,
670 874 821 921 monente
838 860 964 942 Seogero
980 861 1013 919 in
1031 861 1133 925 Closs.
1152 866 1271 931 Jonrn.

173 952 243 1013 Vol.
256 949 351 1011 XIII.
367 969 398 1024 p.
414 953 480 1022 74,
503 942 617 1004 admisi
632 944 906 1024 interpunctionis
920 945 1154 1027 mutationem,
1177 945 1274 1027 {ung

171 1055 254 1112 non,
284 1050 320 1093 ut
347 1035 443 1114 vulgo
463 1032 605 1105 factum,
623 1028 662 1088 ad
681 1028 863 1110 sequentia,
887 1028 942 1089 sed
965 1027 1004 1089 ad
1028 1032 1270 1113 praecedentia,

170 1118 327 1179 referens:
350 1118 401 1180 atui
414 1118 640 1195 θαυματοποιΐιι
653 1109 760 1189 «iiiut,
773 1112 794 1172 i.
809 1134 837 1173 e.
851 1135 947 1173 merce
957 1116 1147 1198 praesteriae,
1162 1138 1273 1201 quem-

172 1188 360 1275 admodum:
393 1219 485 1281 quem
508 1203 614 1257 locum
644 1210 727 1259 recte
747 1198 888 1257 contulit
910 1197 1069 1279 Seogems,
1103 1202 1217 1267 Prom,
1238 1204 1272 1265 in

173 1286 291 1348 Verbb.
306 1308 333 1346 c.
350 1294 379 1351 2.
395 1284 500 1367 τέρψις
515 1278 611 1355 ἄλλως
626 1283 677 1346 nod
691 1279 796 1346 παιδιὰ
811 1278 845 1346 τὸ
858 1287 989 1364 πρᾶγμα.
1012 1282 1170 1347 Conferri
1187 1285 1272 1349 idem

173 1372 213 1432 V.
231 1371 275 1429 D.
290 1370 379 1451 jubet
392 1368 539 1429 Demostd.
558 1370 626 1449 περὶ
647 1371 832 1444 παραπρεσβ.
850 1388 879 1445 p·
894 1374 967 1434 348.
983 1366 1034 1427 ed.
1052 1368 1171 1431 Reisk.
1190 1388 1224 1433 et
1239 1372 1272 1431 in

171 1455 292 1517 Lacrit.
312 1476 341 1533 p.
360 1460 433 1519 931.
448 1467 480 1513 et
502 1450 584 1510 adiri
605 1452 700 1512 etiam
720 1453 829 1532 Toupii
851 1450 1106 1513 observationem
1123 1453 1167 1515 ad
1183 1456 1274 1519 Lun-

170 1541 283 1684 gurm.
301 1547 334 1685 Z.
387 1537 536 1682 Gletemm
565 1539 628 1618 jam
660 1549 874 1617 occupaverat
902 1535 985 1598 bano
1010 1535 1274 1605 emendationem

266 1646 386 1685 tetrus.
441 1642 527 1682 anns.

622 1875 830 1889 Ἣ

365 2060 444 2135 1N
501 2058 1078 2134 unnnonrunn.
1250 2146 1258 2163 ⁴

262 2215 511 2299 Pag.142.1.1.
535 2217 823 2303 ΑΡΜΟΝΙΔΗΣ)
845 2218 920 2278 Non
946 2232 994 2280 est
1014 2216 1202 2299 recogi-cisni,
1223 2218 1278 2281 ted

179 2294 342 2379 Σύσιιισις,
363 2305 432 2365 sive
452 2302 697 2365 commendatio.
727 2305 886 2366 Munere.
931 2303 983 2365 Cf.
1009 2304 1278 2386 Argum-textui

179 2387 394 2465 praemissum.
418 2389 536 2450 Lnunr.
1256 2398 1260 2407 '

263 2468 339 2528 End.
353 2475 373 2536 1.
388 2480 417 2538 2.
441 2468 645 2555 Ἁρμονίδης)
676 2473 830 2554 Philippo
854 2468 981 2533 Maced.
1001 2484 1157 2554 regnante
1181 2472 1280 2539 vixit.

177 2551 293 2614 Murm.
312 2553 414 2620 Oxou.
433 2565 502 2626 173.
520 2588 532 2611 ο
539 2580 567 2638 ρ.
582 2567 634 2626 77.
656 2560 697 2621 V.
715 2557 795 2620 Plut.
813 2564 885 2625 957.
898 2554 918 2621 ἱ.
950 2557 1075 2619 somn.

263 2636 342 2707 ibid.
373 2638 542 2723 Τιμόθεον)
564 2644 629 2703 Ηίο
642 2643 861 2704 nobilissimus
882 2640 939 2701 snb
955 2636 1140 2700 Alexandro
1158 2661 1279 2725 magno

179 2717 309 2793 floruit,
333 2722 372 2787 de
385 2732 477 2810 cnjus
494 2727 640 2804 Musica,
664 2750 727 2811 qna
740 2724 956 2787 Alexandrum
969 2724 1007 2784 nd
1026 2723 1145 2784 bellum
1163 2744 1280 2786 accen:

179 2802 255 2866 dere
275 2809 415 2887 solebat,
439 2814 584 2873 meminit
599 2815 659 2875 Dio
677 2814 710 2871 in
726 2812 782 2873 lib.
799 2809 836 2870 de
859 2812 982 2894 Regno.
1005 2808 1115 2870 Cocn.
1164 2812 1279 2871 Ίῑιηο-

179 2888 260 2950 theus
275 2893 395 2971 lyricus
414 2901 516 2957 clarus
533 2910 582 2958 est
603 2897 688 2978 apud
705 2911 841 2971 veteres,
866 2895 940 2975 qui,
963 2892 1049 2977 quod
1063 2897 1173 2973 plures
1187 2898 1279 2973 lyrae

181 2971 316 3033 chordas
339 2976 526 3058 addidisset,
558 2982 799 3043 Lacedaemone
821 2984 947 3040 exulare
967 2982 1071 3060 jussus
1093 2992 1160 3053 est,
1191 2976 1278 3053 Plu,

180 3064 253 3123 209.
270 3060 445 3125 Historiam
463 3087 503 3124 ex
518 3066 643 3127 Bottiaia
660 3081 692 3127 et
707 3064 868 3127 decretum
886 3064 990 3141 ipsum
1005 3060 1206 3124 emendatius
1222 3083 1281 3123 ex·

181 3140 271 3204 hibet
289 3144 414 3209 Οαεαιιό.
432 3148 471 3208 ad
485 3152 596 3211 Athen.
615 3172 645 3232 p.
659 3158 731 3218 613.
775 3148 836 3209 Sed
852 3147 990 3209 Milesius
1006 3147 1075 3221 ille,
1098 3144 1151 3205 uti
1164 3168 1207 3207 ex
1223 3146 1280 3209 de·

181 3243 268 3288 creto
283 3248 426 3307 constat,
452 3249 561 3294 noster
574 3250 679 3295 nutem
689 3235 833 3309 Boeotus,
856 3248 892 3291 ut
907 3252 981 3291 mox
995 3228 1131 3312 patebit.
1178 3228 1281 3315 Quod

180 3310 243 3372 rite
265 3312 468 3379 observatum
488 3323 593 3379 lucem
610 3323 683 3380 loco
701 3339 776 3379 mox
798 3316 943 3397 sequenti
960 3338 976 3375 a
992 3316 1070 3375 viris
1085 3312 1192 3375 doctis
1207 3320 1281 3377 sol-

180 3395 305 3457 licitato
321 3400 509 3467 foenerabit.
553 3405 606 3464 De
624 3418 734 3464 nostro
750 3400 816 3462 vid.
834 3400 912 3461 Adv.
931 3399 1055 3460 indoct.
1071 3404 1193 3479 eap..6.
1223 3402 1282 3463 Do

180 3480 314 3541 Milesio
329 3485 421 3568 Leop.
437 3496 506 3555 160.
550 3489 616 3548 Hic
639 3502 703 3564 est,
729 3486 787 3569 qui
802 3485 976 3569 Phrygium
1000 3503 1116 3545 canens
1138 3484 1282 3547 Alexan-

181 3560 273 3624 drum
296 3568 331 3629 in
354 3573 508 3633 convivio
539 3572 579 3633 ad
602 3593 687 3632 arma
714 3570 823 3635 subito
847 3571 1021 3653 excitatum
1044 3587 1121 3629 mox
1142 3568 1279 3629 remisso

182 3664 280 3713 contu
294 3674 312 3712 a
328 3655 435 3718 furore
456 3656 497 3718 ad
515 3659 654 3737 quietem
675 3655 850 3719 revocavit.
892 3653 1069 3716 Historiam
1087 3665 1197 3712 narrat
1209 3654 1283 3715 Bn-

182 3732 267 3795 silius
287 3736 326 3797 de
344 3743 406 3822 leg.
431 3742 485 3807 Gr.
501 3742 558 3802 lib.
584 3742 697 3817 (Grot.
719 3740 768 3803 ed.
785 3742 860 3821 99.)
892 3743 1019 3803 Souara.
1063 3738 1116 3798 De
1136 3738 1279 3799 Milesio

183 3818 357 3881 Timotheo
377 3826 419 3888 cf.
439 3829 534 3887 etiam
550 3828 681 3888 Pausnn.
697 3827 768 3902 III,
786 3833 836 3892 12.
857 3825 939 3884 circa
962 3823 1015 3886 fin.
1037 3820 1115 3907 (qui
1131 3844 1224 3883 secus
1244 3843 1281 3882 nc

184 3902 363 3966 Plutarchus
385 3910 591 3972 Timotheum
612 3909 853 3972 Lacedaemone
882 3928 1067 3989 suspensum
1094 3906 1197 3967 fuisse
1216 3922 1281 3967 tra·

186 3984 270 4065 dit,)
290 4004 323 4048 et
344 3993 529 4056 Athenaeum
549 3996 639 4067 XIV,
657 4003 685 4061 4.
702 4010 734 4053 et
755 3994 795 4053 ad
819 3993 914 4074 hujus
937 3991 1015 4053 Lib.
1030 3992 1122 4058 VIII.
1138 4012 1210 4075 cop.
1227 3996 1281 4066 45·

186 4067 401 4137 doctissimam
417 4078 585 4141 casaubon·
599 4078 914 4143 animadversionem.
943 4076 1062 4143 Lenos.
