2634 4680
326 307 367 356 ιο
393 304 525 356 znnxm
551 301 624 353 var.
650 300 879 354 tumuerunt.
1086 286 1162 365 503

71 461 126 521 hie
139 447 216 523 κείν’
235 475 294 537 pro
309 448 408 541 κοινά,
431 450 453 513 i.
469 473 497 514 e.
513 446 588 514 κενά
610 446 694 530 ὄχεα,
716 454 803 512 vacui
823 474 942 534 curnu3
963 451 1018 513 sed
1038 454 1117 520 κεῖν,
1132 448 1165 520 h.-
1262 514 1269 522 Ι

69 555 153 610 κεῖνα
170 542 208 602 ab
225 543 338 612 ἐκεῖνος
353 539 447 600 foret.
491 536 546 598 sic
561 538 671 594 saltem
695 529 773 598 κείν’
788 551 921 596 accentu
935 546 1030 599 acuto
1045 539 1080 599 in
1099 541 1161 613 tpi-
1232 588 1234 595 .

70 631 129 689 bus
150 646 277 711 quoque
297 624 398 683 bonae
420 634 516 681 notae
534 619 659 680 Homeri
672 617 776 683 Editt.
792 639 869 701 quas
886 622 1028 699 contuli,
1052 644 1161 686 exam.

56 727 137 776 ,turn
154 724 216 780 ett3
241 705 362 792 alioqui
376 705 486 787 potius
500 703 570 765 sine
584 716 717 761 accentu
731 701 916 780 scriberem,
931 707 1005 786 quia
1021 706 1050 767 is
1064 707 1100 768 iu
1112 713 1163 770 ul·

69 798 179 856 timam
196 790 331 852 incidit:
355 789 407 851 sed
433 787 510 870 quia
531 808 608 847 usus
631 783 791 866 obtinuit,
814 801 851 847 ut
876 786 1080 855 declinabilia
1104 813 1162 854 ao·-

68 895 195 940 centum
219 875 383 936 retrahant
407 887 481 932 ante
510 869 757 953 apostrophum,
795 870 875 933 bene
896 870 977 936 κείν’
997 875 1159 939 scribitur.

66 966 291 1025 Verumtamen
310 957 414 1017 adhuc
431 955 553 1037 aliquid
569 954 608 1015 ad
624 976 748 1015 sensum
763 953 870 1016 deesse
886 955 1022 1034 videtur,
1039 956 1160 1045 {nempe

64 1051 116 1114 :tui
133 1053 181 1107 vel
196 1065 241 1108 re·
267 1047 389 1102 mallem
404 1042 515 1122 itaque
529 1045 649 1121 legere,
673 1035 743 1113 τοάς
754 1065 786 1104 τε
802 1037 944 1122 ἐπιβάτας
956 1035 1161 1127 innomine

63 1129 141 1198 κείν’
164 1130 233 1211 ὄχεα
252 1123 445 1205 κροτάλιζον,
467 1123 681 1206 sessoribusque
702 1129 835 1186 excussis
854 1149 963 1187 vacuos
977 1151 1158 1192 currusertm
1223 1174 1226 1179 -
1259 1206 1264 1211 Ι

64 1220 186 1298 strepitu
203 1212 365 1295 rapiebant.
409 1208 594 1291 Κροτάλιζον
613 1208 697 1268 euim
712 1207 767 1267 bio
782 1230 840 1291 pro
856 1209 1059 1292 ἕκοοτάλιζον,
1081 1235 1159 1296 aug·

66 1315 174 1362 mento
191 1298 319 1379 poetice
336 1295 476 1376 abjecto,
502 1291 706 1370 servandum3
728 1293 805 1352 licet
826 1295 923 1370 alibi,
947 1294 1004 1354 ubi
1021 1295 1062 1358 ad
1075 1304 1157 1377 poe-

64 1401 116 1445 tae
131 1385 266 1459 alicujus
284 1379 376 1440 verba
392 1399 458 1438 non
482 1378 669 1456 respicitur,
692 1376 726 1437 id
741 1379 892 1437 omissum
909 1394 994 1441 recte
1007 1380 1156 1446 restitue

64 1471 131 1530 rint
151 1466 281 1529 eruditi.
325 1462 400 1524 Vid.
421 1484 498 1523 mox
520 1463 630 1522 Harm.
646 1483 674 1525 o.
695 1469 724 1528 1.
740 1461 797 1521 ubi
816 1459 942 1542 νικήσας
958 1464 994 1523 ia
1015 1468 1157 1547 ἐνίκησας

63 1567 230 1614 mutatum.
275 1550 319 1609 At
340 1549 374 1606 in
387 1562 486 1628 praet.
501 1549 605 1629 pluaq.
620 1546 700 1625 perf.
725 1567 817 1627 saepe
831 1547 864 1606 in
881 1569 976 1629 prosa
993 1550 1088 1612 etiam
1102 1548 1156 1610 ab·

63 1638 190 1723 jioitur,
214 1649 251 1694 ut
276 1632 377 1693 dicam
400 1629 527 1693 deinde.
549 1632 673 1694 Ruina.
719 1628 807 1695 Ktiv'
827 1646 913 1693 recte
935 1633 1054 1696 habeut
1068 1636 1106 1696 Β.
1124 1641 1153 1700 1.

62 1727 102 1783 Α.
120 1729 147 1787 1.
162 1729 191 1786 2.
207 1717 262 1779 sed
277 1720 314 1780 B:
331 1726 361 1786 3.
379 1715 449 1777 sine
470 1712 615 1777 accentu.
661 1716 764 1775 Verba
784 1712 855 1791 τοάς
873 1716 1015 1800 ἐπιβάτας
1035 1713 1155 1801 άποβα·
1255 1756 1259 1761 -

59 1806 160 1879 λόντες
174 1806 220 1863 sio
235 1803 341 1884 cogita
355 1805 511 1860 resoluta:
533 1792 824 1881 --άπέβαλον,
847 1803 971 1864 uoietc.
1017 1805 1152 1865 Sicnon
1236 1834 1249 1860 .

60 1893 139 1963 erit,
165 1885 251 1968 quod
270 1908 340 1944 eum
358 1884 474 1944 Reitzio
496 1897 613 1943 temere
634 1884 856 1967 corrigendum
878 1886 1059 1949 existimes:
1082 1886 1153 1962 τοάς

59 2002 96 2056 τε
118 1969 270 2053 ἐπιβάτας.
300 1969 354 2031 sic
367 1968 462 2029 etiam
480 1967 694 2048 intelligetur,
720 1984 839 2050 quanto
852 1984 990 2050 praestet
1003 1972 1036 2032 b.
1050 1975 1072 2031 1.
1088 1972 1152 2032 Αο.
1255 2000 1258 2005 ·

59 2061 158 2121 ristus
174 2053 348 2115 Praesenti.
393 2051 482 2132 Quin
499 2051 719 2134 ἀποβάλλοντες
731 2075 772 2115 ue
787 2055 915 2114 tolerari
932 2054 1060 2137 quidem
1076 2077 1151 2136 pos·

58 2159 117 2204 set.
162 2141 243 2201 Nam
258 2137 469 2218 sequentibus
485 2138 670 2218 Participiis
682 2140 852 2221 τέμνοντες,
874 2143 1074 2222 διαιροῦντες,
1098 2141 1152 2201 ni.

56 2230 105 2289 hil
123 2241 169 2288 est
186 2247 256 2284 oum
271 2222 333 2282 boo
352 2243 527 2286 commune.
558 2224 674 2287 Lanu.

142 2309 220 2372 End.
237 2313 260 2372 l.
275 2314 305 2374 9.
330 2303 415 2370 Ksiv'
433 2302 525 2387 ὄχεα)
546 2307 669 2374 Homer.
681 2309 722 2370 Il.
737 2316 786 2381 Λ,
804 2315 875 2375 160.
898 2308 1023 2370 Sonant.

143 2393 219 2455 Eod.
243 2397 264 2455 l.
283 2399 332 2457 12.
363 2390 608 2472 Κατεβάλλοντο)
636 2393 707 2457 MS.
738 2392 861 2476 Regius
882 2390 1148 2477 κατελαμβάνοντο.

55 2485 191 2545 Bonum.
234 2477 322 2542 Idem
344 2475 399 2535 hic
412 2477 534 2558 Regius
556 2492 603 2537 est
619 2477 748 2553 Codex,
773 2499 864 2559 quem
879 2478 1002 2543 Belinus
1016 2501 1149 2541 numero

56 2573 150 2634 2954.
170 2560 359 2643 insignivit:
384 2561 417 2619 in
440 2581 504 2639 quo
522 2581 587 2618 non
609 2565 711 2621 solum
732 2559 1003 2643 κατελαμβάνοντο,
1026 2562 1081 2625 sed
1098 2566 1165 2626 su·¹

58 2674 115 2733 pra
133 2647 229 2709 etiarn
244 2641 441 2725 καταλάβοιεν
453 2644 517 2726 legi
533 2643 654 2704 Belinus
677 2645 783 2705 refert.
828 2645 920 2728 Quae
936 2647 1064 2727 quidem
1080 2652 1150 2709 leo-

59 2737 163 2794 tiones
179 2731 239 2789 etsi
252 2750 308 2811 per
322 2749 372 2802 se,
397 2725 483 2808 quod
503 2726 793 2807 reprehendantur,
816 2750 881 2788 non
902 2730 1057 2801 habeant,
1080 2753 1147 2792 non

59 2819 138 2878 adeo
155 2830 258 2875 tamen
280 2810 417 2895 vulgetis
435 2825 614 2890 praestant,
639 2825 675 2869 ut
694 2833 765 2871 cum
783 2812 971 2875 Schmiedero
994 2829 1025 2877 et
1041 2814 1149 2879 Betim
1210 2834 1216 2849 ¹

58 2924 110 2964 eas
129 2894 327 2980 recipiendas
351 2893 493 2954 arbitrer.
539 2894 642 2955 Verba
664 2910 768 2957 autem
788 2902 966 2981 καταβαλεῖν
979 2911 1012 2959 et
1025 2907 1149 2962 καταλα·

58 2995 124 3071 βεῑν
149 2980 333 3063 saepissime
356 3000 373 3037 a
399 2976 536 3039 librariis
559 2990 736 3059 permutata
756 3001 843 3057 esse,
870 2983 1029 3045 nemiuem
1049 2983 1148 3068 fagit,

57 3072 114 3154 qui
129 3067 312 3148 antiquiora
328 3063 491 3124 volumine
506 3063 688 3125 versaverit.
715 3066 835 3128 Iseum·

140 3151 216 3213 Eod.
233 3155 329 3220 1..14.
358 3147 611 3234 Περιπείροντες)
640 3147 715 3212 Vid.
736 3154 847 3233 paullo
872 3173 968 3236 supra
990 3150 1032 3215 ad
1051 3162 1150 3234 eaput

26 3306 31 3315 ,
55 3237 255 3323 praecedens.
279 3236 405 3296 Souris.
1240 3307 1243 3311 Ι

140 3322 375 3400 Pog.140.l.2·
394 3314 613 3403 Ἐπαιάνιζον)
634 3320 670 3380 P.
679 3333 711 3382 et
721 3321 827 3386 Sobel.
842 3319 1027 3399 ἐπαιάνιζον.
1049 3321 1150 3383 Utro·

57 3431 118 3494 que
130 3405 226 3467 modo
239 3408 338 3488 vulgo
352 3402 437 3483 apud
450 3404 622 3485 scriptores
639 3408 805 3488 reperitur.
834 3406 961 3468 Soanta.

139 3487 218 3555 Eod.
229 3493 253 3551 1.
269 3496 299 3558 8.
319 3482 504 3569 Ἐλέφοντα)
528 3487 610 3550 Vide
625 3493 691 3570 ejus
707 3512 881 3567 nummum,
906 3513 999 3574 quem
1016 3488 1150 3553 exbibet

57 3575 171 3665 spada
184 3581 258 3642 406.
280 3575 407 3634 Sonti·
450 3571 554 3633 Modo
572 3594 631 3655 pro
651 3577 740 3642 ἕπίτε
754 3584 798 3655 τῷ
809 3579 943 3663 τροπαίῳ
959 3576 1041 3638 Cod.
1053 3579 1149 3645 296⁴·

56 3662 142 3747 legit
160 3661 293 3725 irtam
313 3665 356 3739 τῷ
370 3683 414 3742 rp.
430 3678 522 3736 quarn
539 3659 767 3738 mutationem,
790 3678 943 3724 mouente
954 3660 1149 3738 Belino,·ar·

51 3741 392 3829 muitssoltmiedorus·
435 3744 564 3815 Posset,
588 3743 616 3801 si
638 3745 862 3807 emendations
884 3767 964 3827 opus
980 3759 1081 3824 esset,
1102 3759 1150 3807 et·

25 3864 38 3887 :a
100 3836 103 3841 '
296 3826 360 3891 ibi:
383 3828 441 3893 tu
461 3830 479 3891 d
488 3829 501 3892 ὲ
520 3832 564 3912 τῷ
582 3851 627 3906 το.
647 3834 737 3910 cujus
758 3829 862 3911 ipsius
885 3831 1010 3916 generis
1031 3830 1148 3893 vitium

332 3910 369 3975 itt
381 3909 499 3975 Vatbb.
512 3932 540 3973 e.
554 3916 586 3981 6.
600 3925 633 3972 et
648 3913 785 3993 saepius.
830 3915 873 3974 At
893 3919 981 3977 nulla
1004 3937 1084 3998 opus
1101 3928 1150 3976 eat

288 3992 293 4003 '
350 3998 494 4065 ‚matur
515 3992 557 4055 ad
574 3998 626 4060 ιιαλ
646 3997 680 4057 in
699 3999 977 4080 praecedentibus:
1009 3999 1080 4066 6δέ
1098 3999 1152 4063 παλ

410 4079 527 4145 *dum
537 4104 645 4169 porro,
668 4099 740 4146 tum.
784 4084 836 4151 Cf.
851 4085 1008 4169 Necyom.
1022 4089 1055 4155 6.
1067 4085 1151 4147 Har-
