2634 4680
144 262 222 333 440
414 272 979 323 stittursrtoxns

147 426 196 487 eis
208 426 338 489 Antonii
353 422 514 505 sigum-cdo
529 444 569 481 ex
591 419 700 481 eadem
717 420 873 479 societate
893 419 972 477 anni
991 425 1089 485 1611.
1108 416 1253 483 hausisse

148 512 206 573 sit.
249 510 378 571 Soter.
422 506 515 587 Quae
528 506 562 564 in
581 525 693 565 urnam
707 503 828 584 conjici
850 506 921 561 sult
936 504 1110 583 Lycinus,
1132 502 1254 563 dicun-

149 588 404 679 ίοτγρομμᾶτιο·
433 592 479 649 ita
501 590 586 649 eninr
606 587 778 671 legendum
801 609 842 648 ex
864 585 956 649 Edit.
975 588 1026 647 Fl.
1050 608 1125 649 non
1149 592 1253 650 solun

151 680 224 753 iric,
254 676 309 736 ted
328 691 360 735 et
379 674 483 751 infra,
504 684 705 757 γραμματίων.
748 670 848 753 Quod
870 675 1019 755 vulgatnt
1040 684 1254 756 W,

148 785 192 823 ex
213 760 362 843 ambigas
385 760 474 819 vocis
496 763 681 841 γραμμοτία,
711 772 749 815 nt
772 757 806 815 in
820 758 870 818 Η.
886 756 1008 815 editum
1019 772 1089 837 est,
1110 778 1254 839 pronun·

150 846 291 907 tiatione
304 858 409 903 ortum
425 857 457 901 et
473 842 553 903 haec
567 865 675 903 rursus
691 841 845 921 scriptura
866 843 1035 921 γραμματία
1050 862 1073 903 a
1096 842 1186 903 falsa
1203 864 1256 905 se..

150 928 359 991 mutuatione
372 925 512 1007 prodiit;
538 929 580 990 ci.
595 928 649 988 De
661 928 764 987 Mete.
780 924 884 987 Cond.
900 947 927 983 c.
943 932 994 993 36.
1009 923 1070 985 ubi
1084 926 1256 1011 quodvul-

151 1036 194 1095 ρο
208 1014 291 1073 falso
305 1026 525 1073 accentuatum
539 1011 695 1093 reperitur
706 1014 907 1095 γραμματίον,
931 1032 949 1069 s
961 1007 1055 1070 nobis
1069 1031 1156 1073 vern
1170 1038 1257 1097 γριμ

150 1096 261 1181 μάτων
277 1098 450 1177 scriptum,
472 1096 508 1155 in
525 1095 605 1159 cod.
620 1098 677 1157 W.
692 1104 892 1179 pptrppareiou
913 1094 1041 1176 legitur.
1089 1094 1152 1159 sic
1177 1100 1256 1157 etin

151 1186 270 1243 Toxar.
285 1202 378 1263 capp·
396 1190 447 1249 13.
464 1189 514 1248 14.
530 1196 562 1242 et
583 1189 633 1247 16.
646 1179 774 1241 eaedem
791 1179 893 1239 literae
913 1183 1101 1257 amatoriae,
1130 1186 1143 1253 (
1152 1180 1257 1245 billets

150 1266 265 1340 doux)
279 1286 360 1345 quae
375 1267 427 1325 De
438 1267 541 1327 Mers.
556 1262 662 1327 Cond.
676 1268 697 1327 l.
711 1268 733 1324 l.
748 1263 988 1346 significantur,
1009 1260 1196 1346 γραμμάτια
1210 1288 1258 1327 το-

152 1364 265 1411 cantur
278 1350 312 1409 in
329 1348 412 1409 llrld.
429 1364 526 1427 vett„
548 1348 604 1409 sed
620 1370 638 1409 e
653 1350 735 1410 Mss.
752 1349 787 1407 P.
805 1362 836 1409 et
851 1349 890 1408 L.
914 1349 948 1406 in
966 1348 1073 1429 primo
1101 1364 1139 1411 et
1162 1352 1257 1413 tertio

151 1439 225 1496 loco
240 1434 375 1495 Ileitrius
392 1455 507 1517 magua
526 1454 596 1493 cum
619 1433 839 1494 inconstantia
861 1446 893 1493 et
913 1431 1142 1513 imprudentia
1157 1434 1259 1499 edidit

150 1528 354 1603 γραμματεῖα,
383 1517 417 1577 in
443 1516 548 1579 medio
570 1538 646 1578 vero
666 1513 853 1599 γραμμάτια,
876 1538 980 1600 neque
998 1532 1144 1579 recentt.
1165 1518 1258 1583 dadi-

152 1604 245 1687 gnati
262 1616 339 1662 sunt
351 1603 451 1685 sequi.
475 1604 574 1663 Porro
591 1602 695 1663 Diall.
713 1603 844 1661 Merett.
863 1602 913 1677 X,
934 1610 965 1685 2.
979 1614 1012 1661 et
1025 1599 1136 1667 Rhet.
1150 1604 1257 1667 Praet-

152 1710 181 1749 c.
195 1696 248 1755 23.
264 1684 425 1749 decadem
440 1708 474 1749 re
489 1690 654 1769 vulgatum
671 1684 873 1768 γραμμάτιον,
895 1707 960 1745 non
979 1686 1198 1751 variantibus
1216 1690 1259 1751 li-

152 1772 230 1834 bris.
274 1769 337 1831 Sed
356 1771 390 1830 in
407 1771 600 1833 Demonact.
622 1771 689 1834 Vit.
706 1792 775 1853 cap.
793 1778 841 1836 17.
862 1770 919 1829 ubi
932 1769 1259 1855 tabulu'r'rrscn'ptaoe

148 1856 306 1949 publicata
320 1854 500 1933 indicatur,
524 1856 636 1917 Codex
649 1855 777 1937 quidem
791 1864 884 1923 3011.
896 1862 1102 1939 γραμματεῖον
1114 1858 1258 1931 exhibet,

154 1942 271 2023 reliqui
289 1962 365 2002 vero
383 1940 460 2001 libri
483 1961 592 2000 omnes
615 1940 735 2000 rectius
756 1940 856 2000 edunt
878 1937 1077 2024 γραμμάτιον.
1128 1944 1258 2005 Etenim

152 2026 188 2087 vi
204 2047 260 2085 tua
276 2025 406 2105 propria
424 2025 470 2085 ita
489 2024 642 2085 differunt
661 2034 862 2108 γραμματεῖον
878 2040 909 2086 et
925 2021 1140 2109 γραμμάτιον,
1165 2044 1206 2089 ut
1218 2030 1260 2089 il-

151 2109 228 2185 lud,
260 2108 358 2171 Suitlu
377 2110 568 2189 interprete,
599 2106 730 2170 denotet
751 2108 785 2175 mi
806 2110 1005 2193 συμβόλαιον,
1027 2110 1050 2169 i.
1065 2130 1099 2173 e.
1126 2110 1260 2175 libellum

147 2192 342 2279 judicialem,
367 2197 418 2253 vel
436 2192 588 2275 publicum
605 2217 802 2279 quemcunque
822 2194 905 2263 tvid.
930 2197 984 2255 De
1000 2195 1108 2255 Mort.
1133 2198 1258 2281 Perogt.

152 2300 180 2341 c.
197 2280 262 2359 16.)
277 2278 341 2339 hoc
354 2298 429 2339 veto
443 2274 477 2341 sti
490 2274 597 2355 μικρὸν
610 2276 747 2360 γράμμα,
770 2280 1014 2361 scriptiunculam
1029 2302 1259 2367 quunwuaqus3

151 2384 182 2428 v.
197 2384 228 2443 g.
246 2360 399 2443 epistolam
417 2366 612 2440 amatorium,
641 2378 678 2421 ut
698 2364 765 2425 fere
787 2363 872 2444 apud
894 2380 1038 2423 nostrum
1061 2366 1258 2446 scriptorem

152 2452 165 2523 (
173 2448 216 2507 cf.
232 2444 362 2507 Ilorur'll.
377 2445 417 2505 ad
432 2446 543 2507 Charit.
562 2467 592 2527 p·
602 2448 697 2528 486.)
711 2453 762 2509 vel
777 2447 947 2509 schedulam
962 2447 1056 2510 literis
1071 2450 1259 2513 nominibus-

148 2556 185 2597 ατ
197 2528 374 2615 quidusdam
392 2535 564 2612 inscriptum
572 2578 583 2609 ,
608 2546 644 2591 ut
658 2530 691 2591 h.
707 2537 731 2593 1.
746 2532 835 2615 Quid
851 2532 977 2594 deloco
993 2534 1176 2607 Demosth.
1195 2536 1259 2599 En-

150 2635 231 2677 uom.
249 2636 274 2675 c.
292 2622 342 2683 23.
359 2637 406 2697 sq.
422 2615 626 2676 statuendum
642 2616 701 2696 sit,
723 2640 782 2678 suo
797 2633 940 2695 tempore
952 2615 1155 2681 videbimus.
1177 2620 1258 2681 Nau

149 2712 184 2849 γρ
203 2698 250 2759 ili
268 2722 326 2781 pro
344 2706 477 2785 vulgato
503 2710 701 2786 γραμματεῖον
716 2703 750 2764 in
767 2702 830 2765 Ed.
844 2704 894 2765 Fl.
909 2703 1030 2787 legitur
1051 2708 1257 2787 γραμματίων.

182 2806 269 2849 utrm.

235 2868 313 2931 Euri.
325 2874 347 2935 l.
361 2877 390 2945 6.
407 2867 601 2951 Ἀμφιθαλῆ)
623 2873 816 2953 Putrimum,
846 2867 1029 2955 ἄμφοτέροις
1049 2877 1119 2947 τοῖς
1133 2876 1260 2957 γονεῦσι

147 2951 317 3032 θάλλοντα,
340 2959 390 3021 καὶ
402 2953 535 3035 pullescit
549 2952 786 3041 ω’ρφανισμένον.
832 2958 885 3022 Sic
899 2957 981 3018 hanc
995 2977 1127 3033 vocem,
1151 2958 1259 3023 exin·

150 3052 288 3119 terprete
303 3040 500 3123 Aristoplau.
519 3042 556 3102 ad
582 3044 684 3117 Aves,
708 3045 962 3123 interpretantur
982 3039 1066 3102 ScaL
1083 3040 1126 3099 ad
1146 3038 1260 3105 Garuli.

148 3122 276 3187 Mure-il.
294 3122 332 3183 nd
352 3126 463 3185 Horou
480 3127 608 3187 Morem
626 3141 763 3209 tangunt
787 3129 977 3207 interpretes
998 3124 1175 3203 Theocriti,
1198 3126 1259 3187 Eu·

148 3208 238 3271 rtatlt.
253 3206 293 3267 ad
307 3208 429 3273 Homer.
455 3211 589 3275 Bounn.
636 3210 812 3273 Commode
831 3211 910 3275 citat
924 3210 1047 3272 Belinus
1065 3213 1181 3271 locum
1194 3214 1258 3277 ,Ἰῖ-

150 3290 224 3357 tull.
239 3292 331 3377 Eleg.
349 3295 385 3370 I,
405 3303 443 3369 5,
459 3302 490 3361 9.
507 3316 577 3377 sqq.
1090 3286 1094 3293 ’
1242 3344 1245 3349 .

312 3379 409 3441 Delia
427 3401 493 3440 non
507 3400 659 3461 usquam:
684 3402 765 3463 quae
778 3401 827 3441 me
842 3403 935 3464 quam
952 3378 1095 3440 mitteret
1107 3378 1216 3461 urbo,

354 3463 490 3525 Dicitur
506 3479 580 3526 ante
599 3486 707 3527 omnes
723 3466 923 3525 consuluisse
939 3464 1025 3527 deos.

310 3548 372 3611 Illa
389 3569 491 3612 sacras
506 3550 597 3631 pueri
613 3564 714 3611 sortes
729 3562 776 3611 ter
791 3549 939 3615 sustulitz
963 3549 1013 3611 illi

352 3634 479 3695 Retulit
494 3655 512 3696 e
526 3634 633 3697 triviis
649 3634 754 3695 omina
769 3648 853 3695 certa
867 3655 959 3715 puer.
1247 3698 1253 3713 Ι

146 3718 191 3779 let
207 3730 290 3779 recte
307 3716 390 3781 idem
407 3734 516 3780 monet
531 3735 633 3781 sortes
657 3718 728 3781 illas
743 3718 899 3779 Romanis
920 3716 1020 3779 dictas
1034 3717 1140 3783 fuisse
1152 3708 1259 3807 ffil?

147 3804 283 3865 teretium.
330 3801 944 3881 vidore.denivin.11‚41.me.
1057 3870 1063 3881 ,
1144 3848 1147 3853 -
1201 3816 1253 3885 223¹?

230 3886 307 3947 llud.
326 3890 349 3951 l·
369 3894 418 3955 10·
443 3890 505 3955 Καὶ
519 3883 555 3953 oti
570 3886 644 3953 uerti
659 3886 711 3972 ai)
732 3890 784 3951 Ao
800 3904 827 3949 te
842 3885 975 3969 indigna.
997 3888 1119 3963 Brun.
1149 3944 1152 3949 .
1171 3962 1174 3967 Ι
1205 3891 1267 3987 ‚3⁸³

230 3970 302 4049 Iitg·
321 3977 409 4037 81.1.
426 3976 456 4041 5·
486 3982 535 4061 Ίῷ
547 3972 655 4057 πρώτῳ
668 3979 787 4061 χρηστῷ
800 3975 853 4038 καὶ
866 3968 939 4057 ἀξίῳ
952 3970 1189 4059 ἐντυχόντι),,’
1259 3980 1272 3993 “

143 4080 251 4139 poem,
276 4060 325 4119 cui
340 4058 393 4123 sub
410 4060 524 4127 initium
547 4059 622 4127 douo
647 4076 675 4123 ct
697 4058 787 4143 tigno
804 4056 971 4135 inciderit.
996 4058 1129 4126 Mt*
1213 4083 1214 4086 ’
