2634 4680
320 353 561 405 nummus
585 353 664 403 sm!
688 352 741 401 1>ss
765 353 896 402 secus.
1079 338 1128 410 13

99 496 103 501 ’
176 511 281 570 een.
297 501 387 567 ’Aut
406 510 451 586 τῷ
469 497 639 585 tetendiet
659 496 790 565 mosia
808 499 944 585 etymo
965 493 1236 594 trimme,-

35 599 37 604 ’
67 604 191 693 ιυῖδευ,
214 604 266 672 ἀτε
278 602 443 688 ἀκρότατος
456 603 516 688 ἤδη
530 603 584 669 ὄν.

175 716 278 774 ΛΤΚ.
298 707 404 794 Ἔλεγε
424 709 473 787 tt,
502 706 582 790 πρὸς
599 711 699 782 θεῶν,
729 712 805 770 ποῖα
822 700 861 768 τά
878 704 949 787 περὶ
967 701 1130 793 αὖτοῖν,ἢ

83 816 156 879 τίνα
168 817 184 845 ¹
193 816 205 891 )
225 811 282 893 τήν
295 807 492 894 εὐδαιμονίαν
514 807 592 875 εἶναι
615 804 672 887 τὴν
693 808 769 885 ἐκεῖ,
789 801 872 888 ἦπου
887 804 956 870 τινά
976 814 1129 892 πλοῦτον,

83 919 139 983 καί
153 913 262 991 δόξαν,
284 909 468 994 καὶιὴδονάς
481 905 744 994 ἀνυπερβλήτουςς

176 1023 283 1080 ΕΡΜ.
307 1011 472 1096 Εάφήμει,
496 1004 641 1097 ἀὲταῖρε.
665 1005 754 1075 οάδὲν
771 1003 829 1094 γάρ
844 1011 1029 1091 ἐστιταῦτα,
1050 1010 1131 1100 πρός

86 1122 145 1187 τάν
158 1122 191 1186 ἓν
203 1126 241 1207 τῇ
256 1113 347 1204 ἀρετῇ
361 1121 440 1194 βίον.

175 1225 323 1299 ΛΤΚ.“)
340 1216 429 1283 Ἀλδά
448 1223 515 1284 τίνα
539 1217 617 1299 φησὶ
637 1211 775 1299 τάγαθὰ,
804 1217 833 1280 εί
852 1212 897 1299 μή
912 1218 1028 1297 ταῦτα’,
1052 1217 1130 1296 ἕξειν

43 1314 53 1321 l
86 1324 169 1413 πρὸς
184 1321 219 1390 τὸ
233 1324 316 1397 τέλος
327 1328 381 1403 τῆς
398 1317 553 1401 ἀσκήσεως
566 1315 728 1397 iteum&
1110 1324 1114 1329 '

181 1432 285 1490 EPM.
308 1427 445 1504 Σοφίαν,
468 1425 518 1487 καί
531 1415 660 1501 ἀνδρίαν
674 1414 722 1504 t),
745 1420 797 1485 καὶ
810 1418 844 1484 vd
857 1415 952 1485 παλδν
964 1417 1054 1502 αάτό,
1074 1424 1130 1491 nol

86 1527 122 1596 τδ
145 1531 284 1603 δίκαιον,
312 1528 363 1591 καί
384 1522 418 1590 τδ
439 1522 540 1589 πάντα
562 1525 743 1588 ἐπίστασθαι
764 1525 892 1604 βεβαίως
911 1526 1128 1606 πεπεισμένον,

87 1622 112 1716 ᾗ
128 1633 236 1695 ἕκαστα
248 1631 315 1712 ἔχει.
336 1624 489 1703 πλούτους
504 1627 545 1701 δὲ,
564 1627 616 1690 καί
627 1620 728 1705 δόξας,
750 1625 802 1689 καὶ
815 1618 941 1714 ἡδονάς,
963 1627 1015 1691 καί
1029 1622 1127 1708 deff)

85 1729 312 1815 τοῦσώματος,
332 1724 432 1795 πάντα
452 1735 546 1794 ταῦτα
560 1724 641 1793 πότοι
662 1721 780 1810 ἀφῆκε,
802 1728 855 1793 καί
875 1722 1126 1813 ἀποδυσάμενος,

122 1941 157 2007 1)
175 1935 312 2009 ἢτίνα]
332 1937 414 1992 Hane
431 1944 555 1991 veterem
569 1934 722 1988 lectionem
746 1950 814 1986 oum
833 1933 904 2000 Scyl.
924 1943 1036 1987 secutur
1053 1930 1126 1991 nin.

158 2012 246 2063 Reirz,
263 2013 325 2077 Rip.
338 2020 365 2058 et
373 2009 458 2060 Sciam.
474 2024 616 2074 perperam
631 2006 780 2057 ediderunt
793 1996 810 2071 ἥ
823 2021 894 2055 τινα.
930 2004 1062 2067 Ejusdem
1076 2020 1127 2073 ge-

156 2079 231 2128 neris
245 2079 347 2129 vitium
362 2085 405 2128 est
426 2076 572 2128 temerarie
593 2088 692 2126 vocutn
708 2072 756 2127 καί
768 2075 809 2134 τίς
822 2081 849 2123 et
869 2072 980 2134 ναίοις
997 2089 1127 2125 commu·

157 2146 227 2197 tatio
240 2147 326 2198 Diall.
348 2149 436 2198 Marr.
454 2149 485 2212 V,
504 2166 527 2198 2.
550 2147 632 2198 Tom.
646 2147 683 2196 ΙΙ.
700 2162 727 2213 p.
747 2161 804 2212 ¹⁰9·
839 2144 904 2193 Post
925 2139 982 2197 ἐκεῖ
1004 2143 1127 2192 Schmie-

38 2204 50 2228 ’
157 2217 234 2265 derue
255 2226 331 2268 reete
350 2217 445 2283 posuit
462 2215 694 2282 interrogationis
715 2224 824 2278 notem,
865 2228 928 2263 uem
948 2211 1056 2282 priores
1071 2227 1126 2262 ne-

157 2284 308 2352 glexerant.
345 2287 375 2349 s)
395 2291 420 2338 Λ
433 2288 518 2350 ΤΚ]
538 2283 637 2350 „Male
657 2283 752 2334 deerat
763 2282 832 2334 haee
845 2229 966 2350 gereone
977 2281 1008 2332 in
1021 2283 1046 2333 J.
1059 2279 1124 2332 Ald.

156 2357 192 2422 (1.
207 2362 234 2404 et
250 2358 287 2413 2.)
301 2356 346 2406 Fr.
361 2356 395 2408 H.
410 2354 506 2406 aderat
524 2354 553 2404 in
574 2352 674 2420 reliqq.
688 2361 716 2403 et
730 2345 818 2419 marg.
834 2354 865 2402 A.
882 2367 905 2405 1.
919 2351 963 2404 W.
982 2351 1037 2402 duo
1050 2367 1126 2418 pun-

157 2431 218 2485 cto,
237 2423 338 2492 quibus
352 2440 488 2492 personae
501 2423 593 2474 solent
606 2421 777 2488 designari.“
810 2424 842 2484 t)
862 2413 1033 2488 ἀνδρίαν]
1051 2412 1126 2486 „oiv-

156 2492 254 2558 δρείαν
273 2493 342 2546 W.“
375 2493 439 2544 Vid.
466 2492 731 2561 &deeset-Melete
751 2509 779 2559 p.
797 2504 895 2570 μορ.
937 2490 992 2541 Hic
1010 2488 1124 2558 quidem

156 2576 208 2626 ego
222 2578 280 2636 non
293 2560 395 2624 minus,
414 2578 498 2630 quam
512 2562 542 2612 in
555 2558 624 2612 locis
638 2560 752 2611 Timon.
766 2576 839 2626 c.31.
854 2561 925 2610 Piso.
943 2577 967 2610 α.
977 2575 1017 2628 27.
1029 2560 1122 2608 Musc.

158 2629 278 2681 Encom.
296 2648 319 2683 c.
333 2644 358 2695 5.
377 2639 404 2682 et
424 2629 669 2693 Pseudol.c.18.‚
687 2645 868 2680 communem
889 2627 1017 2680 omnium
1035 2626 1125 2677 libro·

154 2714 218 2749 rum
232 2697 401 2767 scripturam
415 2697 591 2749 retinendam
603 2697 707 2764 putavi.
736 2699 841 2749 Contra
855 2693 979 2766 οίνδρεία,
995 2695 1126 2760 virilitas,

154 2766 292 2833 Eunueh„
307 2786 331 2819 o.
347 2777 372 2828 8.
392 2768 506 2834 vulgata
528 2776 570 2818 est
589 2767 667 2817 vocis
687 2766 788 2818 forme.
823 2767 922 2834 Neque
942 2776 1036 2827 temen
1060 2764 1126 2814 ideo

151 2832 326 2902 fortitudinis
340 2845 369 2887 et
381 2835 522 2884 viridiario
537 2836 688 2886 discrimen
701 2836 732 2885 in
750 2835 793 2885 his
806 2836 922 2885 vocibus
935 2835 1019 2886 nimis
1031 2829 1127 2901 urgeri

155 2902 251 2953 velim.
295 2903 332 2967 u)
352 2898 433 2970 ὅσα]
456 2897 543 2968 ,ὅσαι
554 2905 600 2955 W.
624 2896 677 2957 ὅσα
690 2905 714 2954 J.
731 2903 838 2955 male.“
869 2898 1031 2957 dometium
1045 2915 1125 2971 2954..

154 2985 231 3034 3⁰²1·
244 2969 294 3021 red
307 2972 410 3044 omisso
426 2973 482 3026 καί.
741 2967 752 3007 l

128 3142 232 3205 Herm.
257 3146 328 3228 Ego
343 3166 418 3207 vero
430 3145 583 3231 magistro
628 3173 631 3176 ⁴
669 3145 743 3231 Lyc.
782 3142 875 3228 Quae
904 3144 1018 3230 igitur·
1043 3140 1125 3202 dicit

85 3227 181 3288 fidem
210 3229 312 3292 habeo
344 3230 485 3293 dicenti:
528 3233 583 3293 ille
627 3230 720 3309 bono,
735 3230 855 3291 sihaec
871 3251 938 3291 non
956 3228 1046 3306 dicit,
1068 3225 1124 3285 ha·
1169 3261 1172 3270 ·

86 3313 214 3395 quidem
231 3317 363 3375 omnino
376 3318 480 3389 novit,
492 3317 583 3376 fasti.
625 3315 767 3392 bituros,
792 3316 848 3397 qui
863 3315 902 3375 ad
923 3314 1017 3375 finem
1029 3331 1125 3373 exet-

55 3457 58 3463 „
87 3399 173 3479 gium
189 3404 251 3479 jam
268 3400 436 3460 adsecutus
446 3403 581 3462 scilicet.
626 3401 794 3462 citationis
812 3393 1044 3481 pervenerint?

127 3482 203 3565 Lyc.
222 3483 355 3564 Qualem
369 3501 474 3546 eutem
489 3485 583 3563 dixit,

86 3585 143 3644 per
169 3589 227 3650 ego
251 3582 282 3629 te
300 3571 391 3629 Deos
411 3591 485 3647 oro,
509 3571 582 3630 illo.
668 3568 772 3630 Herm.
794 3565 1003 3646 Sapientiam,
1014 3577 1046 3625 et
1058 3563 1123 3624 for·

86 3671 154 3707 rum
171 3652 402 3724 conditionem,
415 3668 472 3712 aut
488 3675 581 3734 quem
625 3652 817 3726 titudinem,
840 3665 872 3709 et
889 3650 992 3730 ipsum
1014 3647 1124 3713 bone-

86 3732 134 3791 ibi
156 3756 222 3795 esse
246 3736 461 3797 felicitatem?
492 3760 582 3796 num.
626 3751 721 3812 etum,
743 3739 908 3816 etjustum‚
930 3750 957 3794 et
971 3732 1056 3816 quod
1072 3732 1124 3792 fir·

86 3817 165 3898 quid
181 3818 323 3896 divitias,
346 3820 535 3903 et'gloriam,
550 3838 583 3884 et
625 3843 676 3880 ma
690 3821 895 3901 persudrione
910 3821 1019 3893 novit,
1044 3837 1125 3898 quo·

88 3906 270 3981 voluptates
285 3906 581 3984 inexsuperabiles?
626 3904 724 3965 modo
752 3927 785 3966 ee
814 3903 954 3964 habeant
983 3903 1122 3984 singula.

130 3987 232 4049 Herm.
249 3989 583 4059 Bonaverba,amicer
626 3990 771 4050 Divitias
793 4005 915 4068 autem,
939 4002 971 4047 et
987 3987 1123 4070 glorias,
1210 3979 1218 3993 ’

86 4069 172 4129 nihil
200 4074 284 4134 enim
314 4075 377 4133 itta
408 4072 448 4132 ed
481 4075 582 4135 vitam
627 4089 659 4134 et
681 4080 881 4156 voluptates,
904 4089 937 4135 et
959 4092 1124 4154 quaecum·

86 4174 157 4214 oum
171 4156 301 4221 virtute.
313 4164 529 4242 conjunctam.
627 4180 691 4243 que
705 4176 782 4222 eunt
800 4161 955 4244 corporis,
975 4184 1013 4224 ea
1027 4158 1126 4223 iniri

1064 4260 1069 4286 l
