2634 4680
178 318 255 388 wo
442 326 1017 381 Annonarronss

177 505 302 562 sonam,·
326 477 425 561 idque
441 475 596 536 confirmo
613 496 652 536 ex
666 495 694 538 c.
705 480 755 541 19.
770 473 830 535 ubi
844 474 987 561 gladium
993 476 1084 567 facti
1100 480 1221 542 socium
1236 502 1287 544 vc·

178 582 251 639 cat,
274 580 306 627 et
318 586 354 625 ss
369 560 478 622 ambos
496 562 629 642 praemio
652 559 759 641 dignos
773 559 990 642 pronunciat,
1013 564 1198 626 masculino
1216 587 1286 649 gen.

176 654 300 713 Rnrrz.
343 647 421 707 Non
442 644 560 704 inscite
581 642 712 705 Sclanus
730 645 947 707 mascnlinum
963 645 1128 727 defendit,
1154 648 1202 711 sd·
1217 655 1287 735 gls-

177 730 298 797 diumd
316 732 363 808 dl,
385 744 539 812 tanquam
556 725 683 809 δήμιον,
705 733 759 789 vel
772 728 1034 815 τυραννοκτόνον,
1056 734 1214 797 referans.
1245 738 1287 795 At

178 820 208 880 si
222 815 240 883 d
254 818 285 883 δὲ
298 815 433 898 legitur,
456 811 538 871 mihi
555 811 683 895 quidem
697 813 805 895 alique
821 814 1016 899 ambiguitas
1028 822 1104 879 loco
1116 816 1287 881 inhaerere

177 902 325 975 videtur,
355 912 393 959 ut
415 896 541 957 dubites
564 901 762 977 paullulum,
785 912 892 959 utrum
917 920 1017 961 senex
1037 902 1094 963 ills
1113 916 1285 984 tyrannus,

178 1006 219 1046 sn
241 983 389 1068 gladius,
412 980 626 1060 intelligatur.
670 982 745 1042 Hoc
761 985 929 1127 seguentis
951 978 1105 1065 suadent,
1130 986 1217 1047 illud
1231 1010 1287 1072 ge-

177 1072 265 1130 neris
286 1068 374 1129 ratio
391 1086 498 1148 paene
519 1065 663 1145 imperet.
707 1065 794 1128 Acce
819 1088 839 1128 ο
860 1068 962 1151 igitur
982 1068 1078 1133 Jensii
1093 1072 1285 1149 sententiae,

178 1152 277 1236 idque
298 1164 392 1213 tanto
409 1145 642 1228 confidentius,
666 1170 766 1235 quum
789 1152 825 1211 in
840 1152 929 1217 Gorl.
946 1152 1044 1215 etiam
1056 1142 1134 1217 'vere
1146 1151 1182 1222 sd
1197 1156 1232 1223 dl
1245 1158 1286 1218 sit

176 1251 350 1320 repertum.
380 1236 499 1295 Lrnm.
1158 1276 1174 1299 ·.

138 1354 142 1359 ·
263 1321 340 1403 Pag.
355 1326 429 1388 381.
443 1321 465 1378 l·
483 1326 534 1386 13.
561 1320 653 1397 Τῶν)
675 1317 764 1380 Illud
786 1327 846 1385 cdv
857 1317 985 1383 officere
1005 1318 1140 1384 videtur
1151 1338 1285 1385 senten.

178 1404 254 1469 tiae.
297 1406 381 1465 Nam
403 1402 432 1462 si
456 1404 525 1483 ejus
545 1403 702 1465 rationem
726 1402 860 1484 habeas,
885 1406 931 1465 ita
953 1405 1145 1467 vertendum
1167 1408 1282 1487 tuerit,

178 1494 206 1551 si
226 1492 292 1573 quis
309 1505 351 1550 est
374 1510 490 1563 eorum,
514 1491 567 1570 qui
584 1505 653 1548 onte
665 1514 712 1549 me
722 1488 829 1574 fiere,
848 1493 981 1573 praemio
1003 1490 1131 1574 digmus:
1153 1490 1283 1575 quoda

177 1573 307 1637 nemine
319 1575 441 1634 factum
457 1586 551 1654 puto.
595 1576 640 1633 Et
652 1595 727 1634 sane
746 1588 803 1634 sut
818 1572 1033 1636 omittendum
1051 1573 1204 1651 videtur,
1228 1592 1283 1638 sut

178 1659 214 1718 in
234 1683 300 1732 nu,
324 1659 460 1720 aliamve
478 1656 669 1738 particulam
691 1656 890 1725 mutandum.
913 1660 1019 1723 Gran.
1069 1658 1234 1723 Jocodsius
1250 1662 1283 1721 in

176 1740 285 1824 πορών
304 1741 495 1803 mutandum
511 1756 628 1803 censet.
673 1742 800 1805 Vitium
818 1759 902 1806 certe
920 1764 988 1805 esse
1003 1742 1189 1829 antiquum,
1215 1766 1283 1807 non

179 1841 243 1901 est,
271 1826 360 1910 quod
383 1827 495 1887 multis
526 1825 727 1891 ostendatur.
783 1826 873 1912 Quid
904 1843 1011 1891 autem
1037 1828 1196 1891 Lucienus
1216 1830 1284 1915 ipse

178 1913 360 1995 scripserit,
382 1912 514 1973 facilius
528 1912 699 1994 conjicias,
724 1934 818 1995 quam
832 1911 957 1995 probes.
978 1914 1101 1977 Lanu.

263 1998 339 2081 Pag.
355 2001 463 2067 3321.
479 2004 528 2064 11.
547 1992 640 2079 Ἐμός
655 1993 674 2062 ὅ
690 1993 809 2082 φόνος)
830 2000 1005 2081 Eleganter
1016 2018 1095 2060 serre
1114 1996 1203 2062 idem
1216 2002 1282 2083 Ty·

176 2081 364 2161 rannicida,
387 2082 443 2167 qui
464 2084 652 2163 Tyrannum
670 2079 710 2142 ad
733 2103 822 2143 suam
842 2082 946 2163 ipsius
968 2080 1097 2147 caedem
1116 2081 1282 2169 adegerat,

177 2171 244 2230 uit:
268 2165 337 2251 ἐμὸς
353 2163 369 2237 ὅ
383 2164 498 2250 φόνος,
521 2161 617 2249 ἦχεὶρ
630 2169 758 2233 ἐκείνου.
804 2166 840 2229 Si
852 2172 929 2229 enim
943 2192 1012 2249 ego,
1034 2166 1163 2252 inquit,
1174 2168 1283 2255 filium

176 2253 369 2332 sirminensi,
395 2276 468 2335 prce
490 2256 573 2334 cujus
597 2251 740 2314 desiderio
762 2268 849 2335 pater
868 2276 927 2315 non
943 2268 1062 2335 poterut
1079 2256 1191 2331 sinn,
1220 2258 1283 2339 ipse

173 2354 287 2419 patrem
305 2337 422 2400 occidi:
442 2361 507 2398 men
522 2352 565 2398 est
578 2336 697 2414 caedes,
719 2361 827 2400 manus
842 2340 904 2422 ejus
908 2337 981 2427 fuit
990 2340 1139 2407 minim.
1179 2336 1281 2423 Phyt-

172 2424 215 2483 lis
230 2421 316 2504 spud
334 2421 490 2484 Ouidium:
904 2488 908 2493 ,
926 2464 929 2469 ·

338 2506 397 2569 Ille
411 2508 491 2568 necis
503 2528 625 2568 causam
639 2506 790 2590 praebuit,
812 2512 880 2591 ipsu
893 2530 1026 2571 mansan·
1095 2580 1098 2585 ,

172 2590 218 2653 Et
234 2589 322 2676 apud
339 2590 476 2653 eundem
489 2591 525 2650 in
541 2592 568 2651 F
570 2590 646 2651 astis
652 2641 662 2670 ‚
686 2592 854 2675 ipsiusque
868 2592 977 2653 Didus
998 2590 1160 2675 epistole:

337 2676 480 2741 Praebuit
493 2676 614 2737 Aeneas
626 2693 654 2737 et
669 2700 791 2739 causum
804 2681 909 2740 mortis
924 2693 953 2739 et
964 2702 1069 2745 mon.

378 2761 452 2845 Ipso
466 2783 523 2822 sun
535 2761 618 2823 Dido
634 2762 765 2823 concidit
777 2786 834 2823 usa
844 2788 944 2825 monn.

170 2849 379 2933 Persequitur
402 2866 498 2928 porro
524 2846 761 2927 Tyrannicida:
796 2843 856 2929 Μὴ
877 2851 984 2913 τοίνυν
1022 2840 1033 2869 ’
1072 2851 1218 2935 οβολογοῦ
1236 2849 1277 2915 dn

170 2936 311 3018 περὶτοῦ
326 2929 442 3017 τρόπον
455 2938 510 3011 τῆς
525 2937 677 3013 τελευτῆς,
701 2927 776 3014 μηδ’
788 2933 900 3010 ἐξέταζε
914 2930 989 3017 ὅπερ
1014 2926 1026 2955 ’
1090 2958 1175 3001 ανον.
1202 2934 1277 2997 Ηοο

169 3030 277 3079 tamen
301 3014 629 3078 Amstelaedamenses
651 3006 686 3080 εὖ
714 3022 873 3093 ποιοῦντες
901 3022 1132 3099 correxerunt,
1162 3016 1277 3081 edide-

168 3116 309 3187 runtque
323 3125 364 3164 ex
378 3096 615 3181 antiquisEdd.
630 3096 715 3176 ὅπως
728 3098 895 3171 dnitnvan
933 3100 1055 3165 Aldina
1067 3116 1176 3185 tamen
1191 3108 1277 3181 (non

169 3201 256 3248 certe
277 3185 428 3248 secunda.
450 3186 513 3262 L.)
534 3183 595 3245 hac
614 3184 687 3247 labe
712 3187 882 3271 inquinata
905 3206 1037 3269 quoque
1062 3202 1123 3251 est.
1166 3188 1280 3273 Pergit

166 3269 306 3346 Noster,
332 3270 366 3331 id
381 3269 532 3330 nimirum
545 3267 776 3352 inquirendum
793 3292 877 3350 esse,
901 3274 931 3337 sl
947 3264 1057 3353 ’μηκέτ’
1070 3274 1170 3351 ἔστιν,
1194 3278 1223 3339 εἰ
1235 3266 1278 3341 ds'

166 3354 228 3435 ἐμὲ
235 3354 268 3420 τὸ
286 3349 390 3437 μηκέτ’
416 3353 492 3420 εἶναι
509 3356 577 3436 ἔχει.
608 3356 672 3419 ἐπεὶ
691 3348 813 3440 κᾷοεῖνο
835 3352 1063 3440 προςεξετᾶοεον
1082 3380 1139 3441 μοι
1159 3362 1277 3465 dorsete,

166 3442 217 3504 nol
233 3438 477 3521 συκοφαντήσειν
490 3438 560 3512 τούς
575 3433 744 3522 εὐεργέτας,
766 3444 798 3507 sl'
806 3467 851 3517 τις
863 3439 904 3523 μή
918 3444 1021 3523 ξίφει,
1044 3436 1123 3507 dttd
1135 3444 1234 3523 lidos,
1253 3468 1275 3525 η

165 3521 305 3631 ξολῳ,1νῖ
325 3523 403 3612 ἄλλο)
420 3550 461 3608 τῳ
483 3522 584 3629 ξρόπῳ
605 3517 769 3629 ἆοέοξεινε.
804 3529 833 3628 cl
848 3528 880 3591 dd
900 3528 929 3591 el
940 3532 1021 3671 kopp*
1041 3523 1276 3629 ὒξαολιόροοοᾳ

165 3616 764 3780 zzrzvsunztrttnnnc
782 3610 849 3773 n
862 3626 1273 3775 rrrzntuntr.

165 3773 253 3843 dum.
296 3779 460 3861 Interpres
476 3779 604 3861 egregie
619 3800 696 3841 sanc
709 3778 796 3862 agit,
819 3778 918 3842 verbu
931 3780 960 3843 εἰ
971 3778 1004 3843 di
1014 3784 1095 3867 lippi
1104 3774 1274 3867 ἔξαολιῦρ·

163 3883 261 3942 κησα,
284 3879 430 3941 vertens,
454 3863 580 3949 siscme
593 3863 779 3928 obsedissem.
815 3862 881 3930 Sed
895 3860 1011 3927 debuit
1026 3862 1136 3927 bonus
1150 3878 1272 3945 noster,

163 3948 192 4007 si
196 3946 289 4033 some
301 3971 525 4031 expugnassem.
548 3947 566 4011 J
569 3969 642 4012 unt.

250 4032 329 4094 End.
341 4038 364 4095 l.
384 4043 431 4102 13.
445 4031 579 4113 Ὅπως)
602 4033 729 4111 Miror,
752 4029 959 4117 diligentiam
980 4030 1093 4097 Saloni
1108 4030 1197 4097 hano
1213 4054 1273 4100 vs-

164 4115 311 4179 rietatem
334 4118 551 4201 praeteriisse,
585 4139 681 4203 quam
703 4114 865 4183 editiones
882 4118 1055 4185 oonfotm
1070 4116 1273 4207 dqffimdi

1033 4283 1037 4295 Ι

1089 4317 1178 4360 .’-’,’,
1216 4295 1228 4334 ’
1308 4318 1314 4327 ·

1177 4358 1223 4386 Ιοιί.
