2634 4680
78 256 155 327 ΉΟ
348 268 912 317 Αοαοτοτιοπσσ

80 420 239 482 Conleras
252 414 380 477 interim
396 434 491 495 supra
508 436 535 475 c.
554 423 585 483 6.
609 410 662 481 ἐπ’
678 417 801 481 ἐκείνων
814 414 845 479 t}
858 410 950 479 acidis
968 424 1123 485 rotaticos
1143 416 1195 501 sil·¹

79 510 116 571 acl
133 530 191 569 ετο.
215 504 333 562 linunt.

118 509 134 581 ζ
166 586 244 648 Eril.
257 589 280 645 1.
298 592 346 653 12.
371 579 476 665 Πρὸς)
498 585 552 645 Sic
567 583 726 665 rescrlpsi.
770 582 810 643 In
827 584 991 665 impressis
1004 584 1116 666 παρὰ,
1139 610 1190 652 ex.
1229 587 1232 664 l

82 687 175 757 cepta
194 672 274 733 June.
292 690 371 751 quae
382 672 452 751 περὶ
464 670 577 745 habet,
600 667 687 747 quod
703 669 737 727 in
748 668 785 733 P.
800 669 896 729 etiam
911 684 1027 731 exstat.
1050 672 1186 735 sorra.
1230 675 1232 694 '

165 754 243 819 Itis.
280 754 445 833 Καίσαρί
467 752 548 833 τὴν)
587 754 652 813 Hic
678 756 771 812 locus
801 754 926 838 integer
946 776 1016 816 non
1040 756 1185 819 videtur.
1229 765 1232 828 l

82 844 219 905 Gerar.
240 838 311 901 Jam
327 853 432 899 tamen
448 861 487 900 err
503 838 611 900 Saloni
624 835 851 899 emendatione
865 840 992 923 integer
1004 837 1187 905 videbitur.

82 928 209 987 Revrz.

164 1010 238 1091 Pag·
251 1014 325 1075 341.
341 1010 363 1066 l·
382 1012 411 1073 1.
429 1002 517 1087 ‘To'
535 1002 651 1081 αὑτοῦ)
672 1000 757 1087 ‘Yp'
774 998 953 1071 adcori'erat
966 1008 1004 1068 in
1018 1006 1096 1071 Par.
1127 1008 1187 1073 Setl

80 1116 122 1161 ex
137 1094 211 1175 ipso
226 1088 287 1174 ὕφ’
302 1092 380 1153 satis
396 1106 546 1175 apparet,
576 1113 645 1156 eam
668 1104 702 1153 et
722 1085 817 1158 crisci
842 1090 1007 1175 adspirare
1028 1095 1186 1157 voluisse.

79 1180 205 1245 Rarum.

166 1261 244 1327 Eud,
262 1266 283 1321 1.
303 1269 353 1328 12.
376 1262 497 1341 Παντὶ)
520 1264 600 1344 Leg.
617 1260 829 1345 πάνταταῦτα.
854 1262 988 1323 Gurnr.

166 1346 245 1412 Eas.
257 1350 279 1412 l.
295 1356 344 1415 13.
370 1350 539 1425 Νομίσανε)
557 1343 749 1431 Ἐνομίσατε.
771 1348 907 1416 Gurza.
953 1340 1022 1413 Orias
1034 1340 1108 1415 ἄντί
1122 1346 1187 1417 coti·

80 1460 136 1501 sou
158 1470 194 1479 ·—
219 1432 393 1513 ἐνομίσατε)
415 1432 504 1509 Fuit,
525 1456 597 1493 cum
616 1447 760 1516 putarem
776 1429 945 1515 legendum
961 1432 1101 1509 πάντας.
1125 1434 1186 1499 Sed

81 1515 227 1580 nondum
248 1518 295 1577 sic
320 1515 397 1576 satis
420 1536 517 1578 sanus
536 1532 605 1579 erat
624 1523 725 1579 locus.
768 1516 867 1577 Nunc
888 1530 994 1577 antem
1018 1520 1186 1581 verissima

81 1602 164 1663 mihi
185 1600 331 1678 videtur,
364 1621 458 1683 quam
486 1602 521 1661 in
540 1615 666 1663 textum
685 1600 809 1685 recepi,
834 1598 1029 1666 emendatio.
1056 1603 1186 1669 sorra.

83 1686 172 1770 Quia
184 1686 351 1770 sequentia
364 1683 458 1747 verba
475 1687 584 1746 omnia
600 1708 693 1747 suum
707 1700 911 1769 augmentum
928 1684 1065 1767 habent,
1086 1691 1187 1752 etiam

82 1772 118 1831 in
141 1769 203 1830 lroc
228 1768 325 1832 verbo
347 1767 558 1849 addidissem,
590 1769 679 1853 quod
701 1786 734 1834 et
753 1770 858 1832 Salan-
882 1770 918 1829 in
943 1770 1029 1837 June.
1051 1773 1186 1839 facerat.

81 1855 180 1916 Licet
197 1852 284 1914 haud
307 1855 472 1916 immemor
485 1856 544 1915 sim
561 1877 689 1932 eornm,
722 1877 803 1937 quae
824 1874 919 1937 snpra
936 1877 1004 1917 non
1025 1862 1127 1921 semel
1146 1858 1186 1921 de

83 1954 256 2023 augmento
277 1939 396 2000 frustra
419 1937 543 2019 adjecto
569 1940 715 2002 dixerim.
760 1940 880 2001 Verum
904 1940 980 2021 quia
1006 1940 1128 2005 Gesner.
1152 1942 1188 2004 id

83 2024 277 2105 imperativo
290 2022 386 2084 modo
403 2025 539 2107 accepit,
561 2024 647 2084 nihil
661 2025 784 2085 mutavi
837 2023 900 2085 Sed
916 2023 942 2083 si
962 2025 1044 2107 quid
1059 2042 1187 2088 mutan·

84 2108 177 2181 dum,
202 2110 306 2190 possis
323 2109 418 2169 etiam
436 2114 589 2191 νομίσαιτε
603 2114 725 2195 legere,
747 2124 784 2169 ut
805 2110 865 2181 sit,
886 2107 1090 2192 indicassem,-
1112 2134 1188 2174 nant

84 2196 136 2253 vel
148 2193 213 2271 sic,
237 2198 290 2255 vel
308 2196 465 2274 ἐνομίσατε
481 2195 638 2278 legendo,
663 2193 897 2279 argumentatio
910 2196 1045 2271 clarior,
1069 2210 1103 2259 et
1115 2218 1188 2259 sen·

84 2298 137 2340 sus
160 2278 260 2361 magis
281 2278 454 2340 cohaerens
479 2279 561 2339 mihi
585 2280 722 2341 videtur.
753 2281 876 2343 Rara-z.
920 2280 993 2363 Ego
1012 2281 1186 2363 putabam,

82 2364 224 2441 νομίσατε
236 2361 496 2446 relinquendum,
522 2386 593 2423 cum
609 2366 710 2447 ipsam
726 2365 893 2424 contineat
906 2364 1097 2447 petitionem
1110 2388 1190 2449 pos·

84 2445 215 2507 sessoria
239 2445 357 2530 gladii,
388 2464 421 2508 et
443 2449 588 2529 protasio
609 2449 897 2531 argumentationis
921 2447 1023 2510 finiat.
1066 2450 1103 2513 Si
1118 2450 1188 2515 hoo

83 2535 187 2592 solum
210 2546 369 2612 peterem,
408 2531 559 2593 Gladium
583 2534 760 2595 honorate:
797 2554 907 2596 nonne
926 2532 1030 2615 ipsum
1053 2554 1190 2621 quoqne

84 2614 250 2676 dominum
265 2620 351 2677 ultro
368 2616 493 2679 honore
507 2615 700 2682 efficeretis?
725 2620 830 2681 Gcsr.

169 2700 245 2766 Eud.
258 2706 281 2762 l·
300 2706 351 2770 15.
370 2700 430 2767 Ἐν
446 2712 510 2779 τοῖς
526 2708 620 2789 ίεροῖς
633 2700 740 2786 dves.)
763 2704 840 2764 Non
855 2718 892 2765 ut
906 2702 1122 2790 ipse'quoque
1137 2705 1188 2767 in·

83 2799 133 2847 ter
149 2788 238 2847 Deos
253 2787 409 2850 referatur
423 2787 568 2871 gladius3
591 2810 781 2873 quamquam
796 2786 879 2867 apud
901 2788 1038 2869 Scythas
1062 2793 1190 2852 cultum

85 2872 245 2931 acinacem
262 2873 416 2953 legimus:
441 2872 667 2953 sedquoniam
691 2872 730 2933 ad
750 2872 880 2933 donaria
902 2872 937 2931 in
958 2874 1090 2955 templis
1113 2896 1192 2937 sus·

83 2976 200 3037 pensa,
226 2956 330 3034 (forte
346 2957 441 3017 etiam
462 2959 536 3017 Deo
558 2959 673 3033 alicui,
701 2972 737 3016 ut
761 2958 838 3021 Jovi
861 2957 977 3037 ultori,
1006 2973 1044 3019 nt
1063 2960 1189 3043 Marti,

85 3060 244 3120 appensus
259 3039 407 3121 gladius)
432 3062 502 3121 pars
519 3044 615 3103 etiam
631 3046 735 3102 cultus
759 3056 790 3103 et
806 3041 976 3125 religionis
989 3042 1081 3103 illius
1097 3043 1190 3107 vide·

82 3137 137 3188 tur
152 3125 330 3205 pervenire.
375 3125 429 3189 Sic
444 3147 538 3206 supra
560 3126 671 3189 Somu.
693 3148 719 3191 c.
737 3134 768 3195 8.
791 3126 941 3187 statuarii
963 3128 1093 3191 nobiles
1115 3128 1191 3210 pred

82 3215 145 3272 cciv
160 3214 241 3272 θεῶν
256 3218 494 3290 προςκννεῖσθαι
510 3210 680 3288 dicuntur,
704 3209 791 3292 quod
815 3232 885 3270 cum
901 3210 1040 3275 Phidiae
1055 3212 1191 3295 Jupiter

83 3292 253 3369 adoratur,
276 3294 371 3353 etiam
389 3296 459 3375 ipse
479 3294 597 3355 artifex
613 3295 646 3354 in
664 3311 784 3377 partem
805 3293 941 3357 honoris
954 3294 1085 3359 videtur
1097 3299 1191 3360 veni·

82 3400 126 3439 re.
150 3379 255 3439 Gnsrr.
301 3377 385 3440 Vide
400 3378 447 3438 ibi
463 3378 716 3461 Admirationem
728 3393 881 3444 nostram.
924 3380 1066 3463 Legitur
1078 3398 1188 3445 autern

83 3460 148 3524 ibi:
171 3470 414 3547 προςκνννῦνται
431 3470 507 3546 γοῦν
524 3462 609 3528 οὗτοι
622 3464 696 3545 μενά
710 3472 770 3527 τῶν
784 3472 877 3529 θεῶν.
920 3464 1018 3527 Unde
1034 3466 1187 3550 colligas,

81 3545 153 3693 {pl
167 3571 234 3615 non
250 3570 318 3610 esse
336 3570 409 3609 com
430 3548 519 3613 Gorl.
544 3547 625 3610 Cod.
651 3548 824 3634 legendum
850 3542 976 3638 κᾷκεῖνο
998 3571 1058 3633 pro
1079 3552 1187 3620 ἐκεῖνο.

115 3656 203 3697 BHM·

168 3721 244 3802 Peg.
262 3723 373 3788 8421.
391 3728 422 3787 2.
450 3714 710 3800 Ταρασσόμενος)
730 3717 799 3779 Hic
823 3716 999 3780 desiderari
1019 3714 1187 3788 vldeturd

81 3802 168 3878 νίός,
198 3802 477 3879 vaticinatum,
507 3820 544 3864 ut
565 3805 722 3884 interpres
740 3803 904 3885 exposuit.
928 3804 1065 3873 (ἦσαν.
1106 3806 1186 3868 Non

82 3886 162 3951 adeo
188 3886 388 3951 desideratur
405 3890 490 3965 υίὸς,
526 3894 578 3949 vel
600 3893 778 3965 νεανίσκος,
808 3908 904 3971 quam
927 3888 1126 3973 intelligitur
1146 3914 1188 3954 err

82 3972 346 4037 antecedentibus
359 3989 392 4037 et
411 3974 695 4056 consequentibus.
717 3975 830 4036 Nexns
846 3972 932 4034 enim
949 3974 1108 4037 orationis
1126 3990 1186 4047 est.

80 4060 144 4125 lust
159 4056 216 4144 yria
231 4058 455 4142 φονευόμενος,
479 4056 495 4123 ὁ
514 4060 567 4141 μὲν
581 4052 753 4143 ἀνεβόησεν.
797 4056 874 4121 Nisi
891 4057 984 4124 malis
1001 4080 1126 4125 mecum
1139 4082 1187 4122 ar-
