2634 4680
309 304 373 350 trs
427 278 916 350 uuano'rrrr'usr.
1089 288 1165 360 408

154 447 235 511 Ibid.
256 448 411 531 Λιπαρὲς)
432 446 528 507 Dicit
539 445 703 521 Lucienus,
721 445 835 528 siquis
851 446 886 505 in
900 440 987 507 iliani
1000 437 1164 514 beatorum

10 555 16 591 ι
69 533 234 594 civitatem
258 535 340 595 velit
360 531 514 603 adscisci,
538 532 570 593 ei
593 528 740 591 sufficere
761 526 898 608 σύνεσιν,
926 535 977 597 καλ
1000 535 1166 617 ἐπιθυμίαν

10 640 15 673 ι
67 624 132 682 τῶν
151 624 267 693 καλῶν,
291 619 342 681 καλ
363 614 480 693 πόνον,
511 617 562 678 aui
580 613 616 679 cd
636 609 793 692 αἷλιπαρὲς,
815 617 865 678 καλ
886 615 920 680 rd
937 617 985 698 ’μὴ
1011 620 1164 686 ἐνδοῦναι.
1259 628 1262 633 ’

13 726 16 731 ·
69 702 233 763 Vertitur:
254 701 448 783 intelligentia
466 698 597 781 pollent,
622 699 784 781 cupiditate
804 724 897 760 rerum
912 701 1098 763 honestarum
1117 723 1168 766 te·-
1223 756 1231 765 .

10 818 14 835 ·
66 803 180 861 nentur,
192 786 321 847 laborem
333 803 360 846 et
372 790 556 846 macritatem
569 806 629 844 non
642 784 786 859 detrectet,
796 807 854 844 non
869 784 916 844 det
925 801 1045 868 tergum.
1056 788 1169 850 Primo

10 924 12 929 .
65 875 210 931 mneritas
223 871 389 930 barbarum
405 885 470 930 est:
493 867 606 927 Latini
621 866 783 926 dixissent·
792 872 910 943 macies,
920 889 976 931 seu
986 873 1168 938 macritudos

10 1022 12 1027 s
65 955 158 1015 Dein
173 955 249 1015 licet
265 955 420 1013 Latinum
439 965 540 1025 esset,
564 950 643 1033 quid
665 950 719 1010 hic
734 952 851 1012 macies
869 953 948 1013 facit
960 954 1000 1014 ad
1014 959 1065 1036 jus
1081 957 1168 1018 civi..
1249 987 1251 994 =

67 1040 146 1100 tatis
162 1037 449 1120 consequendum?
471 1036 537 1096 Mt.
552 1056 611 1118 pro
627 1031 770 1119 ἆλιπαρές
786 1035 898 1096 scribit
912 1043 1047 1116 λιπαρὲς,
1071 1056 1103 1101 et
1119 1042 1168 1103 siu

68 1125 140 1183 sinc
162 1121 380 1185 controversia
401 1120 531 1203 scripsit
554 1120 718 1181 Lucienus.
761 1121 898 1200 Λιπαρλς
913 1135 962 1182 est
983 1121 1166 1204 assiduitas,

67 1205 239 1267 familiaris
257 1206 389 1266 Lucinni
408 1224 491 1279 vox,
516 1216 616 1285 quam
636 1226 707 1264 cum
725 1210 770 1288 τῷ
783 1202 871 1292 πόνῳ
895 1211 1169 1288 non-aemelian-

66 1292 120 1350 xit
174 1288 369 1350 Vertendum
386 1304 508 1363 autem,
532 1291 644 1374 sufficit
657 1293 819 1370 ingenium,
843 1291 990 1373 cupiditas
1005 1316 1099 1351 rerum
1110 1291 1173 1371 doti

67 1392 233 1451 nesiorum,
257 1374 358 1452 labor,
381 1373 559 1450 assiduitas,
583 1396 642 1434 non
655 1389 767 1455 tergum
782 1372 862 1448 dare,
873 1380 927 1439 “⁸c.
944 1374 984 1435 td
1001 1373 1167 1438 civitatem

68 1457 344 1543 consequendam,
368 1457 431 1518 hoc
451 1474 516 1534 est,
541 1479 607 1518 non
626 1457 728 1534 viam,
752 1460 804 1518 cui
828 1474 860 1520 te
878 1458 1016 1538 dederis,
1038 1459 1169 1523 desere·

67 1565 112 1603 rc.
136 1543 269 1604 Gascv.
316 1541 440 1605 Graecia
455 1543 631 1604 assentiens
645 1542 780 1603 mutavi.
814 1545 849 1605 P.
868 1544 964 1605 etiam
979 1547 1110 1628 λιπαρὲς,
1133 1540 1170 1607 οῖ

68 1629 106 1687 in
122 1629 170 1686 M.
188 1626 276 1709 quod
291 1628 395 1709 primo
409 1628 567 1702 fueratis,
590 1646 712 1687 erasum
725 1641 782 1688 est.
805 1629 933 1692 Sonsrt.
979 1630 1172 1694 Comicae-1
1240 1668 1243 1675 ·
1280 1638 1286 1651 '

68 1710 125 1796 ρὸς
147 1712 189 1772 sit
210 1729 316 1774 curata
337 1712 406 1773 hene
423 1710 500 1795 pelle
517 1709 645 1790 nitidus,
666 1714 774 1771 lautus
797 1725 830 1771 et
848 1727 967 1773 unctus
982 1713 1099 1796 horn03
1121 1715 1171 1775 vi·

70 1798 167 1857 detur
193 1819 260 1857 non
291 1792 371 1856 maie
392 1796 455 1856 huc
479 1794 669 1872 convenite,
699 1810 736 1854 ut
756 1791 791 1859 sd
812 1789 954 1880 ἀλιπαρὲς
973 1820 1009 1858 ea
1032 1799 1075 1858 sit
1104 1799 1173 1860 vire

68 1897 143 1959 tus,
167 1902 248 1962 qnae
261 1902 327 1940 non
342 1879 439 1939 modo
457 1900 561 1961 aequo
579 1879 686 1939 animo
703 1879 768 1939 illis
784 1881 878 1941 rebus
899 1896 1021 1959 careat,
1044 1880 1099 1944 sed
1113 1882 1172 1945 etei

68 1966 151 2042 iam,
173 1966 230 2023 ubi
251 1965 346 2044 copia
369 1963 429 2045 sit,
459 1985 512 2025 eas
530 1977 727 2039 contemnat,
757 1964 842 2024 sicca
864 1965 968 2026 virtus
991 1982 1025 2027 et
1043 1967 1170 2040 sobria.

71 2065 199 2110 austera
216 2051 335 2131 magis,
359 2049 532 2108 tetricano
555 2048 650 2120 dura,
674 2069 767 2128 quam
791 2046 945 2131 delicataa
969 2052 1092 2128 mollis,
1115 2057 1171 2112 at&

70 2156 135 2218 qne
149 2132 386 2193 commoditatis
406 2130 552 2192 studiosa
573 2146 634 2194 etc.
678 2133 795 2192 Verum
818 2132 946 2195 facilius
961 2138 1058 2219 longe
1071 2149 1120 2195 est
1133 2131 1171 2200 td·

69 2219 201 2298 λιπαρὲς,
219 2239 235 2275 a
255 2215 380 2277 Graevio
393 2220 562 2298 prolatum,
586 2216 608 2276 i.
626 2238 654 2279 e.
668 2216 838 2294 assiduitas,
860 2223 1038 2279 constantia.
1062 2219 1175 2283 Gcsst

70 2301 258 2364 Defendens
277 2300 359 2361 banc
380 2322 491 2362 vocem
507 2299 625 2362 vstudet
644 2299 760 2363 Elsner.=
779 2301 893 2365 Sched.
918 2303 998 2364 Crit.
1019 2325 1051 2385 p.
1065 2310 1097 2371 7.
1113 2301 1170 2367 aed
1267 2352 1274 2377 ,.

70 2390 202 2448 frustra.
219 2384 387 2447 Barbarum
404 2386 581 2472 Schnfferus
591 2387 719 2449 Melctt.
734 2393 849 2468 p.129.
864 2402 960 2448 vocat
974 2406 1094 2464 vocem,
1107 2402 1140 2450 et
1151 2407 1175 2449 e

70 2471 208 2534 Lexicis
230 2472 357 2530 furcilla
380 2470 580 2552 ejiciendam.
629 2470 715 2546 Una,
739 2471 874 2552 opinor,
897 2471 958 2532 hac
973 2473 1099 2534 ratione
1112 2493 1172 2534 ex-

70 2556 187 2639 plicari
202 2554 269 2614 h.1.
285 2554 402 2634 possit,
425 2569 461 2613 ut
474 2581 494 2618 α
516 2555 637 2636 primae
658 2554 799 2634 syllabae
823 2578 889 2616 non
908 2578 979 2616 cum
998 2556 1124 2618 Gesnero
1137 2569 1173 2639 at

74 2640 172 2702 Suido
184 2659 241 2719 pro
257 2637 493 2716 privativo,sed
508 2659 565 2720 pro
582 2638 755 2713 intensivo,
767 2654 892 2721 captum
909 2639 1137 2721 non-proxime
1152 2662 1173 2703 a

73 2720 203 2802 λιπαρὸς
214 2719 269 2781 sed
286 2725 457 2804 αλιπαρέω,
477 2721 796 2806 quaternionem,
813 2747 1002 2806 perseverare,
1020 2723 1175 2787 deducas.
1254 2784 1260 2801 ,

74 2810 195 2868 Verum
210 2820 296 2866 caret
309 2825 375 2871 vox
392 2807 556 2888 exemplis.
588 2807 627 2865 ln
641 2805 799 2886 Sophoclis
812 2808 899 2866 enim
912 2811 985 2868 loco
1001 2810 1120 2870 Electr.
1139 2828 1171 2870 v.
1189 2843 1192 2850 ·

73 2897 162 2968 451„
172 2910 264 2972 quem
275 2889 386 2950 Suidns
399 2904 473 2950 ants
485 2895 595 2951 oculos
605 2887 754 2950 babuisse
769 2889 905 2957 videtur.
915 2905 985 2950 ”non
1000 2891 1174 2973 genuinam

75 2998 144 3039 esse
154 2989 290 3035 veterem
298 2974 480 3050 lectionem,
491 2971 677 3035 ostenditad
688 2994 759 3034 eum
768 2976 873 3035 locum
880 2975 1058 3036 Brunckias.
1073 2974 1174 3058 Quod
1186 2980 1195 2993 “

77 3061 135 3122 alii
150 3055 298 3141 ἆλιπαρὴς
311 3079 526 3139 synonymum
541 3065 596 3124 τοῦ
609 3050 718 3138 ἀλιπὴς
733 3056 864 3137 habent,
879 3081 1008 3141 prorsus
1025 3059 1124 3119 nihili
1137 3056 1176 3119 id

54 3150 63 3169 ⁵
77 3160 135 3206 est.
157 3145 226 3207 Jam
241 3164 305 3202 non
315 3147 417 3203 solum
435 3142 576 3205 Graevius
589 3143 624 3201 in
638 3142 787 3223 proxima
802 3159 878 3203 nota
890 3145 1062 3207 lectionem
1076 3142 1175 3210 πόνον

76 3229 180 3302 affert,
191 3228 393 3308 Gesnerasque
403 3227 436 3285 in
446 3230 595 3289 versione
605 3225 735 3287 eandem
746 3242 874 3289 secutus
883 3243 939 3306 est,
951 3228 1005 3291 sed
1016 3228 1174 3306 repetitus

77 3336 114 3375 ea
129 3314 224 3373 etiam
241 3313 274 3370 in
293 3311 450 3387 omnibus,
462 3333 543 3394 quos
558 3311 638 3371 mihi
652 3311 811 3391 inspicere
825 3314 973 3396 contigit,
989 3312 1073 3374 Edd.
1087 3320 1193 3389 vste-2·

74 3398 176 3459 ribus.
221 3396 380 3458 Reitzinnc
401 3397 511 3478 itaqua
528 3397 644 3470 lectio,
668 3397 720 3458 ιιαλ
731 3395 836 3460 πόνων
853 3418 951 3458 cocco
974 3397 1100 3458 cuidam
1117 3417 1177 3456 ca-

77 3484 129 3542 sui
147 3481 274 3543 videtur
296 3479 484 3556 tribuenda,
507 3503 567 3542 nec
587 3503 604 3541 a
625 3493 758 3543 recentt.
779 3480 883 3544 Editt.
905 3481 1008 3561 repeti
1026 3479 1175 3542 debebat.

77 3568 132 3629 Sic
155 3568 250 3628 etiam
275 3565 451 3649 Schnfferus
472 3566 585 3641 facile,
610 3563 723 3642 credo,
746 3569 948 3645 conjecturae
972 3585 1063 3637 suae,
1087 3584 1176 3625 nuno

80 3672 146 3710 non
177 3651 389 3722 necessariae,
427 3648 635 3711 renuntiabit.
688 3648 728 3708 In
764 3649 973 3730 sequentibus
996 3644 1181 3716 vertisti-⁴

80 3734 286 3795 stinctionem
303 3734 472 3794 verborum
490 3737 650 3814 vulgatam
672 3761 713 3780 ·-·
736 3739 961 3813 μαλακισθῆναι
976 3739 1175 3808 πολλοῑςταῖς

80 3821 245 3898 increpitu,
273 3815 349 3882 uacci
366 3815 421 3898 triu
440 3813 515 3882 ὁδόν
536 3813 755 3901 ἐντυγχάνοντα
776 3832 968 3878 mutaveram
986 3821 1048 3899 jam
1070 3818 1172 3903 prius,

81 3924 174 3984 qnam
197 3901 435 3983 diligentissimi
453 3903 607 3988 Scdnfferi
624 3903 781 3961 monitum
801 3900 841 3961 td
856 3901 895 3962 L.
910 3901 973 3963 Bos
986 3900 1173 3984 de'Elli'psa.

81 4009 114 4068 p.
133 3995 205 4055 263.
229 3991 375 4067 legerem.
411 3987 462 4051 cf.
485 4008 581 4069 snpra
595 4007 664 4068 cap.
679 3992 709 4054 5.
753 3984 845 4068 Quae
864 3987 975 4047 'statim
994 4000 1174 4068 sequnntur

79 4069 193 4146 verba,
218 4070 315 4131 simili
329 4070 517 4132 laborarunt
531 4071 632 4151 vitio,
646 4069 697 4132 ¹de
710 4068 952 4155 quodcinceps.
981 4071 1101 4134 Luam

868 4156 969 4225 Ccss
