2634 4680
322 309 362 356 m
390 305 528 352 znnxns
554 304 623 353 van
650 303 878 352 surrocnun.
1084 287 1162 363 499

67 478 139 518 cum
154 477 211 531 eo,
236 474 329 536 quem
346 451 419 535 quis
432 454 591 511 allocutus
606 448 666 521 sit,
689 447 815 530 genesis
829 459 915 509 sunt·
958 447 1014 512 Sic
1025 451 1156 532 Timon·

66 542 121 602 fin.
140 541 180 601 ad
194 540 356 618 Blepsiam
370 535 513 615 proxime
529 554 702 595 conversus
722 532 838 591 Timon
853 531 932 593 haee
946 535 977 595 ei
991 535 1090 597 ¹verba
1106 539 1157 600 ia·

66 630 195 684 clamat:
228 609 303 686 Ἀλλ’
335 611 392 685 οόκ
414 613 561 699 όναιμωτί
580 641 614 700 pe
634 613 759 697 ὑμεῖς,
790 610 861 681 odel
881 606 955 681 όνευ
975 618 1153 702 τραύματος,

65 707 249 790 significans
272 704 335 775 hoc
351 703 473 765 Plurali
494 701 610 778 simul,
636 701 692 785 qui
713 722 783 759 cum
799 700 926 779 Blepsia
942 719 1047 781 erant,
1072 699 1156 768 Gni-

65 793 220 874 phonem,
244 787 434 863 Lachetem,
459 801 491 848 et
514 784 666 865 reliquos.
712 783 767 845 Sic
785 785 885 844 Diall.
906 780 1023 848 Mons.
1041 788 1085 867 II.
1109 792 1153 858 in.

65 878 176 944 Pluto,
201 887 368 954 postquam
386 870 523 932 Croesus
536 889 595 928 suo
611 883 643 930 et
656 866 879 948 Sardanapali,
902 883 935 929 et
948 871 1072 951 Midae,
1098 897 1156 937 no.

63 960 150 1019 mine
165 957 360 1036 Menippum
377 966 598 1023 accusaverat,
621 948 709 1013 huuc
725 951 878 1012 Croesum
903 955 1049 1034 proxime
1065 980 1156 1020 com.

63 1046 179 1124 pellat,
206 1041 297 1121 quasi
320 1060 391 1098 cum
414 1035 546 1142 reliquis
568 1055 697 1119 quoque
719 1056 832 1118 agens,
861 1039 894 1098 tt
919 1027 949 1100 δ’
970 1034 1069 1119 ὑμᾶς
1089 1047 1156 1109 (522.

61 1124 118 1191 τόν
134 1121 284 1208 ἐργάζεται
299 1119 465 1205 ὁμόνεκρος
481 1147 533 1185 ων.
554 1119 624 1197 Sic,
646 1134 683 1180 ut
696 1141 793 1179 unum
810 1117 914 1181 adhuc
928 1118 1051 1201 addam,
1074 1122 1154 1203 ibid.

61 1212 163 1270 Diall.
181 1210 205 1268 V
210 1209 243 1286 1,
258 1217 288 1277 3.
309 1228 380 1266 cum
405 1227 471 1266 uno
485 1203 662 1346 Terpsione
680 1201 867 1286 heredipeta
888 1225 1003 1288 agens,
1026 1210 1155 1281 nemine

62 1307 224 1375 praeterea
246 1292 408 1366 adstante,
432 1290 528 1351 Pluto
575 1309 667 1350 eecce
687 1286 784 1371 dicit:
820 1290 918 1353 Ταῦτα
935 1289 1005 1371 μὲν,
1029 1278 1056 1357 oi
1079 1298 1155 1377 Tap·

62 1383 162 1458 ψίων,
185 1375 263 1440 stolo*
274 1369 458 1454 συνετώτερα
469 1377 596 1459 γίνεται,
618 1371 693 1457 ἤπερ
717 1373 784 1443 eoi,
801 1375 891 1438 δοκεῖ.
920 1376 971 1439 καὶ
992 1371 1156 1463 15μεῖᾓῶ

63 1467 144 1542 (jam
167 1461 365 1521 convertitur
387 1457 491 1519 oratio
508 1455 548 1519 ad
569 1457 708 1540 reliquos
727 1455 865 1538 ejusdem
887 1479 957 1516 cum
975 1461 1153 1543 Terpsiopp
1230 1480 1233 1494 ¹

63 1548 148 1608 vitae
165 1545 310 1626 generis)
330 1546 360 1607 τί
370 1539 522 1618 παθόντες
533 1529 698 1625 όλλοτρίόις
712 1543 891 1623 ἒπιχαίνετες
935 1538 1024 1624 Quin
1039 1567 1088 1606 res
1103 1544 1154 1629 ip.
1218 1590 1224 1611 ,
1282 1574 1285 1583 ·

60 1652 95 1690 sa
112 1628 193 1688 hanc
215 1626 343 1689 dicendi
364 1628 521 1688 rationem
542 1646 607 1685 non
632 1639 741 1686 tuetur
760 1630 880 1702 solum,
906 1625 1073 1689 sedetiam
1089 1651 1154 1705 ma·

59 1715 145 1772 xime
168 1710 377 1775 commendat.
428 1711 539 1794 Neque
558 1707 637 1781 adeo
665 1731 746 1788 opus
767 1724 834 1771 erat
842 1754 854 1783 ,
886 1708 978 1770 utin
1004 1716 1153 1783 versione

60 1798 158 1878 hujus
178 1796 280 1856 nostri
300 1795 365 1856 loci
385 1794 538 1870 Gesnerus,
563 1813 627 1874 quo
649 1793 796 1854 transitus
821 1792 1033 1866 indicaretur,
1058 1796 1154 1861 adde·

60 1898 109 1942 ret
124 1901 235 1941 vocem
260 1903 327 1952 vos,
352 1901 444 1962 quam
468 1881 616 1938 consulto
637 1876 888 1958 praetermisisse
900 1880 1064 1961 putandus
1078 1903 1152 1943 aue·

61 1979 122 2027 tor.
165 1964 248 2024 Nam
262 1964 430 2040 sequentia
447 1982 574 2044 quoque
587 1958 627 2019 ad
642 1982 741 2020 unum
754 1962 952 2023 Miccionem
968 1985 984 2023 a
1004 1959 1152 2029 Zeuxide

62 2048 259 2108 dicebantur.
304 2045 394 2127 Quae
420 2065 523 2105 autem
540 2067 581 2106 ex
595 2045 798 2126 Aristophane
817 2061 850 2106 et
869 2041 1000 2109 Aeliano
1018 2042 1153 2123 Reilziua

60 2132 100 2189 ad
120 2128 339 2189 illustrandam
361 2128 445 2190 hanc
467 2127 597 2191 dicendi
617 2130 749 2188 formam
772 2130 902 2213 repetiit
922 2137 1083 2215 exempla,
1098 2136 1151 2213 sep

59 2219 120 2296 jam
133 2228 242 2297 patere
256 2229 354 2298 puto,
378 2214 509 2274 minime
524 2212 587 2272 huc
600 2214 770 2295 pertinere.
802 2210 921 2277 Laura.

143 2298 223 2361 End.
237 2302 258 2358 l.
269 2307 297 2366 8.
325 2305 392 2362 Τῶν
405 2296 434 2362 d’
449 2292 500 2376 ἐφ’
515 2295 594 2381 ὅτῳ)
615 2297 690 2358 Nou
707 2313 786 2378 puto
800 2313 885 2359 recte
901 2293 1067 2362 cohaerere
1080 2305 1150 2363 vul·

60 2397 162 2466 getam
177 2383 348 2444 lectionem
366 2389 426 2446 τῶν
447 2381 476 2446 d’
501 2375 550 2460 ἐφ’
576 2380 653 2459 dap·
677 2381 731 2441 sed
752 2380 945 2464 respondere
958 2383 1019 2443 sibi
1035 2380 1150 2469 debere

56 2473 111 2532 τοῦ
134 2461 164 2531 d’
182 2459 233 2547 ἐφ’
256 2463 323 2552 daps.
371 2467 551 2545 Graecianoe
565 2464 800 2548 emendationis
815 2467 1004 2529 sententiam
1021 2462 1150 2530 sec'utus
1242 2467 1246 2473 ’

58 2574 142 2624 sum;
168 2550 222 2612 sed
245 2573 312 2612 eam
335 2557 441 2613 locum
463 2550 576 2610 habere
597 2566 693 2629 posse'
707 2546 874 2629 putabam,
897 2566 929 2612 et
952 2553 978 2611 si
999 2551 1079 2614 iilud
1104 2559 1153 2621 δεῖ

56 2656 122 2694 non
148 2634 340 2707 inseramus,
370 2634 425 2695 sed
446 2634 671 2716 intelligamus.
716 2625 821 2692 D‘ecet
842 2632 960 2697 iratum
980 2650 1011 2698 et
1032 2654 1148 2698 stoma.

58 2717 206 2777 chantem
224 2717 358 2797 abrupta
374 2718 489 2777 oratio.
514 2719 630 2790 Grss„
663 2712 755 2777 Illud
772 2720 846 2791 ἴσως
866 2712 935 2795 cosi,
960 2720 1045 2800 quod
1064 2722 1147 2793 Cod.

56 2805 96 2863 L.
111 2822 185 2881 prae
203 2801 331 2878 ecfert,
353 2802 487 2883 glossam
513 2804 595 2874 olet,
619 2820 712 2879 quarn
736 2800 809 2881 quis
830 2802 1013 2881 conjectans
1037 2805 1147 2877 forsan

56 2892 114 2950 τοῦ
127 2906 185 2964 pro
199 2892 257 2948 τῶν
271 2884 459 2966 legendum,
484 2881 593 2964 (quod
610 2904 684 2944 sane
700 2905 805 2963 lerum
824 2884 927 2962 foret)
943 2878 1077 2970 margini
1094 2888 1148 2949 ad.

55 2983 222 3052 posuerat,
254 2989 397 3050 quaeque
418 2966 551 3044 deinde,
574 2965 660 3049 quod
676 2988 776 3049 ,saepe
796 2960 864 3027 fieri
886 2985 1000 3052 notum
1023 2983 1086 3047 est,
1111 2968 1147 3035 in

55 3067 177 3113 textum
196 3054 234 3112 ab
249 3053 398 3132 imperito
413 3065 459 3112 est
475 3048 620 3112 admissa.
642 3049 765 3116 Rarra.
808 3047 906 3113 Facio
920 3076 990 3114 cum
1009 3046 1145 3133 Gesnero,

58 3136 145 3218 quod
163 3141 211 3200 δεῖ
230 3136 386 3217 intelligi,
410 3157 475 3194 non
498 3135 614 3215 inseri,
637 3139 721 3195 vult:
751 3156 816 3197 non
842 3136 927 3199 facio
951 3160 1021 3199 cum
1039 3142 1146 3219 eo,‚‚si

53 3229 111 3286 τοῦ
132 3221 384 3302 potius,·quam¹
398 3226 459 3297 τῶν
479 3213 519 3296 d',
542 3216 673 3280 rescribi
694 3215 794 3299 jubet.
838 3218 974 3281 Plurelis
997 3218 1080 3301 enim
1098 3218 1146 3293 re·

55 3305 204 3387 quiritur,
230 3305 287 3385 qui
300 3308 398 3365 varius
418 3304 554 3366 virtutes
569 3303 701 3387 indicet,
728 3325 857 3387 quarum
878 3302 1104 3387 Zeuxisdicit',
1126 3329 1145 3370 a

52 3389 289 3471 spectatoribus
309 3393 426 3447 nullam
448 3387 558 3449 haberi
573 3388 740 3467 rationem.
775 3383 855 3468 ,Ἐφ’
871 3387 936 3474 ὅτῳ,Ι
950 3376 1062 3475 aptepp,
1074 3413 1142 3477 nqn

55 3474 230 3535 arctissime
245 3496 315 3533 curn
336 3480 396 3536 τῶν
412 3467 440 3537 δ’
454 3473 615 3548 cohaeret,
640 3470 696 3553 sed
713 3460 753 3531 ad
769 3487 868 3539 totam
888 3458 1078 3544 'sententiam
1093 3497 1142 3542 aa·
1213 3528 1220 3547 ,

55 3573 203 3640 quentern
218 3555 437 3637 referendum,
463 3562 490 3621 εἰ
500 3562 599 3635 καλῶς
614 3559 687 3639 ἔχει,
710 3558 764 3620 καὶ
778 3554 853 3621 κατὰ
864 3555 1051 3643 τὴκκέχκηκ.1
1079 3562 1142 3639 Te*

53 3648 99 3703 les
115 3657 218 3701 autem
240 3641 505 3720 transpositiones
524 3640 689 3721 vetborutn
702 3654 777 3725 ¹titan
798 3638 970 3719 abhorrent
984 3636 1024 3725 pb
1037 3662 1075 3705 eo
1093 3636 1141 3729 af·

53 3728 157 3802 fectu,
182 3726 238 3807 qni
252 3723 283 3784 h.
298 3729 320 3785 l.
338 3725 492 3785 Zeuxidis
508 3739 580 3801 est„
610 3724 731 3804 ,Cstp
743 3726 847 3801 Mero.-
862 3720 967 3805 cond.
980 3734 1068 3793 r.4l.-
1082 3727 1140 3813 ubi

54 3811 149 3870 verba
167 3813 218 3873 καὶ
242 3807 319 3889 μάλα
339 3802 459 3882 εἰκότως
480 3809 597 3868 inserta
618 3812 769 3889 leguntur
807 3824 839 3870 et
852 3830 926 3890 prae
942 3832 977 3887 ea
993 3811 1141 3893 qnanq'qs.

53 3894 143 3953 tione
158 3898 323 3971 collocata,
339 3915 429 3974 quam
444 3892 573 3973 proprie
587 3893 678 3971 s'eqpi
696 3854 861 3953 debebant.
895 3884 1038 3976 Sequana
1055 3893 1141 3969 enipi

53 3975 112 4061 peip
129 3979 305 4037 necessario
321 3999 390 4037 cum
406 3976 473 4052 his,
499 3978 548 4038 καὶ
561 3971 643 4054 μάλα
661 3973 796 4054 εἰκότως,
819 3976 1141 4065 mentejestconjupi

40 4124 46 4133 ,
54 4060 203 4145 gendum.
249 4059 398 4143 Ceterum
420 4058 459 4143 de
479 4059 618 4145 lectione
641 4052 721 4124 Cods
736 4058 866 4207 lesap
884 4070 940 4147 τοᾷ
962 4050 1140 4149 rpqtissi'qpp

879 4145 934 4215 12
