<?xml version="1.0" encoding="UTF-8"?>
<!DOCTYPE html PUBLIC "-//W3C//DTD XHTML 1.0 Transitional//EN"
    "http://www.w3.org/TR/xhtml1/DTD/xhtml1-transitional.dtd">
<html xmlns="http://www.w3.org/1999/xhtml" xml:lang="en" lang="en">
 <head>
  <title>
</title>
<meta http-equiv="Content-Type" content="text/html;charset=utf-8" />
  <meta name='ocr-system' content='tesseract 3.04.00' />
  <meta name='ocr-capabilities' content='ocr_page ocr_carea ocr_par ocr_line ocrx_word'/>
</head>
<body>
  <div class='ocr_page' id='page_1' title='image "./lucianisamosate00lehmgoog_0471.png"; bbox 0 0 2634 4680; ppageno 0'>
   <div class='ocr_carea' id='block_1_1' title="bbox 168 260 1010 335">
    <p class='ocr_par' dir='ltr' id='par_1_1' title="bbox 168 260 1010 335">
     <span class='ocr_line' id='line_1_1' title="bbox 168 260 1010 335; baseline -0.017 -1"><span class='ocrx_word' id='word_1_1' title='bbox 168 260 246 335; x_wconf 84' lang='grc'><strong>462</strong></span> <span class='ocrx_word' id='word_1_2' title='bbox 439 269 1010 335; x_wconf 67' lang='lat' dir='ltr'><strong>numerationes</strong></span> 
     </span>
    </p>
   </div>
   <div class='ocr_carea' id='block_1_2' title="bbox 77 418 1287 4057">
    <p class='ocr_par' dir='ltr' id='par_1_2' title="bbox 167 418 1286 993">
     <span class='ocr_line' id='line_1_2' title="bbox 167 418 1286 499; baseline 0.003 -12"><span class='ocrx_word' id='word_1_3' title='bbox 167 447 238 489; x_wconf 88' lang='lat' dir='ltr'><strong>mos</strong></span> <span class='ocrx_word' id='word_1_4' title='bbox 251 420 502 487; x_wconf 82' lang='lat' dir='ltr'><strong>Mathematicus</strong></span> <span class='ocrx_word' id='word_1_5' title='bbox 516 418 649 481; x_wconf 88' lang='lat' dir='ltr'><strong>nomine</strong></span> <span class='ocrx_word' id='word_1_6' title='bbox 664 432 829 480; x_wconf 76' lang='lat' dir='ltr'><strong>auctorem</strong></span> <span class='ocrx_word' id='word_1_7' title='bbox 854 433 1008 481; x_wconf 87' lang='lat' dir='ltr'><strong>sconsant</strong></span> <span class='ocrx_word' id='word_1_8' title='bbox 1024 418 1124 485; x_wconf 89' lang='lat' dir='ltr'><strong>iidem</strong></span> <span class='ocrx_word' id='word_1_9' title='bbox 1147 422 1286 499; x_wconf 75' lang='lat' dir='ltr'><strong>Solum</strong></span> 
     </span>
     <span class='ocr_line' id='line_1_3' title="bbox 168 502 1286 591; baseline -0.001 -17"><span class='ocrx_word' id='word_1_10' title='bbox 168 526 202 575; x_wconf 85' lang='lat' dir='ltr'><strong>et</strong></span> <span class='ocrx_word' id='word_1_11' title='bbox 218 506 419 585; x_wconf 82' lang='lat' dir='ltr'><strong>Wirlondius,</strong></span> <span class='ocrx_word' id='word_1_12' title='bbox 441 526 501 567; x_wconf 91' lang='lat' dir='ltr'><strong>suo</strong></span> <span class='ocrx_word' id='word_1_13' title='bbox 518 519 661 586; x_wconf 86' lang='lat' dir='ltr'><strong>ternpore</strong></span> <span class='ocrx_word' id='word_1_14' title='bbox 673 514 798 587; x_wconf 80' lang='lat' dir='ltr'><strong>agetur.</strong></span> <span class='ocrx_word' id='word_1_15' title='bbox 839 502 939 565; x_wconf 90' lang='lat' dir='ltr'><strong>Nnno</strong></span> <span class='ocrx_word' id='word_1_16' title='bbox 952 510 1064 567; x_wconf 86' lang='lat' dir='ltr'><strong>saltem</strong></span> <span class='ocrx_word' id='word_1_17' title='bbox 1077 508 1286 591; x_wconf 73' lang='lat' dir='ltr'><strong>imperitiam</strong></span> 
     </span>
     <span class='ocr_line' id='line_1_4' title="bbox 167 584 1285 673; baseline 0.001 -17"><span class='ocrx_word' id='word_1_18' title='bbox 167 616 274 659; x_wconf 85' lang='lat' dir='ltr'><strong>rer-um</strong></span> <span class='ocrx_word' id='word_1_19' title='bbox 304 589 629 667; x_wconf 87' lang='lat' dir='ltr'><strong>Mathematiearnm,</strong></span> <span class='ocrx_word' id='word_1_20' title='bbox 666 601 765 671; x_wconf 80' lang='lat' dir='ltr'><strong>atque</strong></span> <span class='ocrx_word' id='word_1_21' title='bbox 789 584 870 650; x_wconf 88' lang='lat' dir='ltr'><strong>adeo</strong></span> <span class='ocrx_word' id='word_1_22' title='bbox 893 589 1174 673; x_wconf 71' lang='lat' dir='ltr'><strong>stupidissimum,</strong></span> <span class='ocrx_word' id='word_1_23' title='bbox 1211 594 1237 659; x_wconf 90' lang='lat' dir='ltr'><strong>i.</strong></span> <span class='ocrx_word' id='word_1_24' title='bbox 1259 618 1285 659; x_wconf 84' lang='lat' dir='ltr'><strong>e.</strong></span> 
     </span>
     <span class='ocr_line' id='line_1_5' title="bbox 167 669 1285 763; baseline 0.002 -23"><span class='ocrx_word' id='word_1_25' title='bbox 167 675 300 762; x_wconf 81' lang='lat' dir='ltr'><strong>pessimi</strong></span> <span class='ocrx_word' id='word_1_26' title='bbox 315 690 348 737; x_wconf 90' lang='lat' dir='ltr'><strong>et</strong></span> <span class='ocrx_word' id='word_1_27' title='bbox 361 674 502 736; x_wconf 84' lang='lat' dir='ltr'><strong>maxime</strong></span> <span class='ocrx_word' id='word_1_28' title='bbox 524 669 752 735; x_wconf 80' lang='lat' dir='ltr'><strong>contemnendi</strong></span> <span class='ocrx_word' id='word_1_29' title='bbox 790 672 915 751; x_wconf 89' lang='lat' dir='ltr'><strong>eueris,</strong></span> <span class='ocrx_word' id='word_1_30' title='bbox 939 674 1172 759; x_wconf 84' lang='lat' dir='ltr'><strong>insolentiam,</strong></span> <span class='ocrx_word' id='word_1_31' title='bbox 1199 700 1285 763; x_wconf 85' lang='lat' dir='ltr'><strong>quse</strong></span> 
     </span>
     <span class='ocr_line' id='line_1_6' title="bbox 167 694 1284 847; baseline 0.002 -24"><span class='ocrx_word' id='word_1_32' title='bbox 167 761 208 823; x_wconf 87' lang='lat' dir='ltr'><strong>ab</strong></span> <span class='ocrx_word' id='word_1_33' title='bbox 224 759 436 823; x_wconf 83' lang='lat' dir='ltr'><strong>insanianon</strong></span> <span class='ocrx_word' id='word_1_34' title='bbox 456 763 554 841; x_wconf 84' lang='lat' dir='ltr'><strong>longe</strong></span> <span class='ocrx_word' id='word_1_35' title='bbox 570 756 687 831; x_wconf 87' lang='lat' dir='ltr'><strong>distat,</strong></span> <span class='ocrx_word' id='word_1_36' title='bbox 712 755 751 815; x_wconf 87' lang='lat' dir='ltr'><strong>ab</strong></span> <span class='ocrx_word' id='word_1_37' title='bbox 766 694 831 835; x_wconf 66' lang='lat' dir='ltr'><strong>igion</strong></span> <span class='ocrx_word' id='word_1_38' title='bbox 854 757 1042 840; x_wconf 85' lang='lat' dir='ltr'><strong>politissimi</strong></span> <span class='ocrx_word' id='word_1_39' title='bbox 1067 760 1204 847; x_wconf 82' lang='lat' dir='ltr'><strong>ingenii</strong></span> <span class='ocrx_word' id='word_1_40' title='bbox 1226 768 1284 847; x_wconf 87' lang='lat' dir='ltr'><strong>ju-</strong></span> 
     </span>
     <span class='ocr_line' id='line_1_7' title="bbox 167 840 1284 929; baseline 0.004 -24"><span class='ocrx_word' id='word_1_41' title='bbox 167 844 314 928; x_wconf 85' lang='lat' dir='ltr'><strong>diciique</strong></span> <span class='ocrx_word' id='word_1_42' title='bbox 330 840 564 929; x_wconf 81' lang='lat' dir='ltr'><strong>elegantissimi</strong></span> <span class='ocrx_word' id='word_1_43' title='bbox 589 840 745 923; x_wconf 80' lang='lat' dir='ltr'><strong>scriptore</strong></span> <span class='ocrx_word' id='word_1_44' title='bbox 769 844 823 905; x_wconf 82' lang='lat' dir='ltr'><strong>vel</strong></span> <span class='ocrx_word' id='word_1_45' title='bbox 847 843 985 907; x_wconf 84' lang='lat' dir='ltr'><strong>maxime</strong></span> <span class='ocrx_word' id='word_1_46' title='bbox 1007 845 1152 909; x_wconf 84' lang='lat' dir='ltr'><strong>alienam</strong></span> <span class='ocrx_word' id='word_1_47' title='bbox 1175 848 1284 915; x_wconf 84' lang='lat' dir='ltr'><strong>fuisse</strong></span> 
     </span>
     <span class='ocr_line' id='line_1_8' title="bbox 167 926 646 993; baseline -0.015 -2"><span class='ocrx_word' id='word_1_48' title='bbox 167 927 337 993; x_wconf 78' lang='lat' dir='ltr'><strong>ostendere</strong></span> <span class='ocrx_word' id='word_1_49' title='bbox 349 926 505 992; x_wconf 83' lang='lat' dir='ltr'><strong>volebam.</strong></span> <span class='ocrx_word' id='word_1_50' title='bbox 528 927 646 991; x_wconf 79' lang='lat' dir='ltr'><strong>Lsrrm,</strong></span> 
     </span>
    </p>

    <p class='ocr_par' dir='ltr' id='par_1_3' title="bbox 163 1002 1287 1855">
     <span class='ocr_line' id='line_1_9' title="bbox 252 1002 1284 1125; baseline 0.012 -53"><span class='ocrx_word' id='word_1_51' title='bbox 252 1008 334 1073; x_wconf 75' lang='lat' dir='ltr'><strong>ibid.</strong></span> <span class='ocrx_word' id='word_1_52' title='bbox 361 1009 403 1077; x_wconf 81' lang='lat' dir='ltr'><strong>Tei</strong></span> <span class='ocrx_word' id='word_1_53' title='bbox 422 1012 557 1093; x_wconf 76' lang='grc' dir='ltr'><strong>τοιαῦτα)</strong></span> <span class='ocrx_word' id='word_1_54' title='bbox 578 1007 645 1071; x_wconf 89' lang='lat' dir='ltr'><strong>Ubi</strong></span> <span class='ocrx_word' id='word_1_55' title='bbox 657 1006 778 1094; x_wconf 78' lang='lat' dir='ltr'><strong>iegitur</strong></span> <span class='ocrx_word' id='word_1_56' title='bbox 790 1002 901 1094; x_wconf 76' lang='grc' dir='ltr'><strong><em>σημεῖᾶ</em></strong></span> <span class='ocrx_word' id='word_1_57' title='bbox 911 1038 979 1079; x_wconf 80' lang='grc' dir='ltr'><strong><em>τινα</em></strong></span> <span class='ocrx_word' id='word_1_58' title='bbox 990 1009 1097 1099; x_wconf 59' lang='lat' dir='ltr'><strong>ipsud,</strong></span> <span class='ocrx_word' id='word_1_59' title='bbox 1120 1016 1284 1125; x_wconf 70' lang='lat' dir='ltr'><strong>ssuiypup·</strong></span> 
     </span>
     <span class='ocr_line' id='line_1_10' title="bbox 166 1092 1287 1182; baseline 0.006 -19"><span class='ocrx_word' id='word_1_60' title='bbox 166 1093 227 1182; x_wconf 73' lang='lat' dir='ltr'><strong>prio</strong></span> <span class='ocrx_word' id='word_1_61' title='bbox 242 1092 399 1175; x_wconf 67' lang='grc' dir='ltr'><strong><em>ἀπλατεῖς,</em></strong></span> <span class='ocrx_word' id='word_1_62' title='bbox 423 1092 524 1161; x_wconf 78' lang='lat' dir='ltr'><strong>snird</strong></span> <span class='ocrx_word' id='word_1_63' title='bbox 536 1100 679 1176; x_wconf 77' lang='grc' dir='ltr'><strong>τοιαῦτα,</strong></span> <span class='ocrx_word' id='word_1_64' title='bbox 699 1096 750 1161; x_wconf 71' lang='grc' dir='ltr'><strong>ἐπὶ</strong></span> <span class='ocrx_word' id='word_1_65' title='bbox 770 1105 900 1179; x_wconf 76' lang='grc' dir='ltr'><strong><em>σαθροῖς</em></strong></span> <span class='ocrx_word' id='word_1_66' title='bbox 910 1106 976 1175; x_wconf 73' lang='grc' dir='ltr'><strong><em>τοῖς</em></strong></span> <span class='ocrx_word' id='word_1_67' title='bbox 987 1108 1026 1164; x_wconf 74' lang='lat' dir='ltr'><strong>ds</strong></span> <span class='ocrx_word' id='word_1_68' title='bbox 1050 1102 1287 1179; x_wconf 67' lang='lat' dir='ltr'><strong>edisserentem,</strong></span> 
     </span>
     <span class='ocr_line' id='line_1_11' title="bbox 167 1125 1282 1263; baseline 0.002 -15"><span class='ocrx_word' id='word_1_69' title='bbox 167 1185 327 1263; x_wconf 75' lang='grc' dir='ltr'><strong><em>οἰκοδομεῖ</em></strong></span> <span class='ocrx_word' id='word_1_70' title='bbox 336 1178 374 1247; x_wconf 80' lang='lat' dir='ltr'><strong>ssi</strong></span> <span class='ocrx_word' id='word_1_71' title='bbox 387 1188 512 1247; x_wconf 71' lang='lat' dir='ltr'><strong>nornine</strong></span> <span class='ocrx_word' id='word_1_72' title='bbox 520 1224 530 1258; x_wconf 89' lang='lat'><strong>,</strong></span> <span class='ocrx_word' id='word_1_73' title='bbox 551 1180 686 1257; x_wconf 89' lang='lat' dir='ltr'><strong>mirum,</strong></span> <span class='ocrx_word' id='word_1_74' title='bbox 710 1178 746 1239; x_wconf 90' lang='lat' dir='ltr'><strong>ui</strong></span> <span class='ocrx_word' id='word_1_75' title='bbox 770 1200 934 1261; x_wconf 87' lang='lat' dir='ltr'><strong>perperam</strong></span> <span class='ocrx_word' id='word_1_76' title='bbox 959 1125 1049 1243; x_wconf 77' lang='lat' dir='ltr'><strong>illud</strong></span> <span class='ocrx_word' id='word_1_77' title='bbox 1060 1186 1224 1249; x_wconf 85' lang='lat' dir='ltr'><strong>ultimum</strong></span> <span class='ocrx_word' id='word_1_78' title='bbox 1247 1186 1282 1255; x_wconf 72' lang='lat' dir='ltr'><strong>ri</strong></span> 
     </span>
     <span class='ocr_line' id='line_1_12' title="bbox 164 1262 1279 1350; baseline 0 -17"><span class='ocrx_word' id='word_1_79' title='bbox 164 1272 288 1333; x_wconf 78' lang='grc' dir='ltr'><strong><em>τοιαῦτα</em></strong></span> <span class='ocrx_word' id='word_1_80' title='bbox 304 1265 453 1328; x_wconf 88' lang='lat' dir='ltr'><strong>iteratum</strong></span> <span class='ocrx_word' id='word_1_81' title='bbox 480 1279 529 1347; x_wconf 84' lang='lat' dir='ltr'><strong>est</strong></span> <span class='ocrx_word' id='word_1_82' title='bbox 549 1262 590 1325; x_wconf 93' lang='lat' dir='ltr'><strong>ab</strong></span> <span class='ocrx_word' id='word_1_83' title='bbox 615 1262 864 1325; x_wconf 80' lang='lat' dir='ltr'><strong>dormitantibus</strong></span> <span class='ocrx_word' id='word_1_84' title='bbox 888 1265 1158 1350; x_wconf 74' lang='lat' dir='ltr'><strong>descriptoribus.</strong></span> <span class='ocrx_word' id='word_1_85' title='bbox 1181 1270 1279 1339; x_wconf 78' lang='lat' dir='ltr'><strong>June.</strong></span> 
     </span>
     <span class='ocr_line' id='line_1_13' title="bbox 165 1345 1279 1429; baseline 0.004 -15"><span class='ocrx_word' id='word_1_86' title='bbox 165 1352 215 1414; x_wconf 85' lang='lat' dir='ltr'><strong>Its</strong></span> <span class='ocrx_word' id='word_1_87' title='bbox 230 1365 263 1413; x_wconf 88' lang='lat' dir='ltr'><strong>et</strong></span> <span class='ocrx_word' id='word_1_88' title='bbox 280 1348 451 1413; x_wconf 72' lang='lat' dir='ltr'><strong>Wieloadio</strong></span> <span class='ocrx_word' id='word_1_89' title='bbox 465 1348 581 1410; x_wconf 84' lang='lat' dir='ltr'><strong>visum.</strong></span> <span class='ocrx_word' id='word_1_90' title='bbox 625 1345 686 1410; x_wconf 85' lang='lat' dir='ltr'><strong>Sed</strong></span> <span class='ocrx_word' id='word_1_91' title='bbox 703 1348 832 1429; x_wconf 89' lang='lat' dir='ltr'><strong>injuria.</strong></span> <span class='ocrx_word' id='word_1_92' title='bbox 875 1348 959 1411; x_wconf 90' lang='lat' dir='ltr'><strong>Nam</strong></span> <span class='ocrx_word' id='word_1_93' title='bbox 981 1352 1009 1412; x_wconf 89' lang='lat' dir='ltr'><strong>si</strong></span> <span class='ocrx_word' id='word_1_94' title='bbox 1027 1350 1140 1415; x_wconf 87' lang='lat' dir='ltr'><strong>desint</strong></span> <span class='ocrx_word' id='word_1_95' title='bbox 1155 1352 1279 1423; x_wconf 80' lang='lat' dir='ltr'><strong>11.er</strong></span> 
     </span>
     <span class='ocr_line' id='line_1_14' title="bbox 163 1430 1279 1525; baseline -0.001 -23"><span class='ocrx_word' id='word_1_96' title='bbox 163 1442 307 1514; x_wconf 74' lang='lat' dir='ltr'><strong>soterian,</strong></span> <span class='ocrx_word' id='word_1_97' title='bbox 330 1433 441 1498; x_wconf 83' lang='lat' dir='ltr'><strong>defore</strong></span> <span class='ocrx_word' id='word_1_98' title='bbox 455 1433 552 1511; x_wconf 78' lang='lat' dir='ltr'><strong>simul</strong></span> <span class='ocrx_word' id='word_1_99' title='bbox 565 1445 654 1515; x_wconf 87' lang='lat' dir='ltr'><strong>patet</strong></span> <span class='ocrx_word' id='word_1_100' title='bbox 670 1430 841 1512; x_wconf 86' lang='lat' dir='ltr'><strong>Objeoturu</strong></span> <span class='ocrx_word' id='word_1_101' title='bbox 856 1434 1104 1503; x_wconf 77' lang='lat' dir='ltr'><strong>enuntiationis.</strong></span> <span class='ocrx_word' id='word_1_102' title='bbox 1153 1438 1279 1525; x_wconf 82' lang='lat' dir='ltr'><strong>Quseri</strong></span> 
     </span>
     <span class='ocr_line' id='line_1_15' title="bbox 164 1514 1276 1607; baseline 0.004 -25"><span class='ocrx_word' id='word_1_103' title='bbox 164 1521 253 1584; x_wconf 89' lang='lat' dir='ltr'><strong>euim</strong></span> <span class='ocrx_word' id='word_1_104' title='bbox 266 1540 354 1581; x_wconf 91' lang='lat' dir='ltr'><strong>nuno</strong></span> <span class='ocrx_word' id='word_1_105' title='bbox 366 1519 498 1601; x_wconf 87' lang='lat' dir='ltr'><strong>poterit,</strong></span> <span class='ocrx_word' id='word_1_106' title='bbox 521 1520 574 1579; x_wconf 88' lang='lat' dir='ltr'><strong>vel</strong></span> <span class='ocrx_word' id='word_1_107' title='bbox 587 1514 766 1580; x_wconf 84' lang='lat' dir='ltr'><strong>necessario</strong></span> <span class='ocrx_word' id='word_1_108' title='bbox 781 1516 878 1577; x_wconf 87' lang='lat' dir='ltr'><strong>etiam</strong></span> <span class='ocrx_word' id='word_1_109' title='bbox 895 1518 1073 1601; x_wconf 89' lang='lat' dir='ltr'><strong>oportebit,</strong></span> <span class='ocrx_word' id='word_1_110' title='bbox 1096 1526 1276 1607; x_wconf 74' lang='lat' dir='ltr'><strong>¹quaenam,</strong></span> 
     </span>
     <span class='ocr_line' id='line_1_16' title="bbox 164 1598 1277 1695; baseline 0.005 -28"><span class='ocrx_word' id='word_1_111' title='bbox 164 1608 217 1667; x_wconf 82' lang='lat' dir='ltr'><strong>vel</strong></span> <span class='ocrx_word' id='word_1_112' title='bbox 242 1605 367 1688; x_wconf 81' lang='lat' dir='ltr'><strong>qualia,</strong></span> <span class='ocrx_word' id='word_1_113' title='bbox 405 1602 556 1685; x_wconf 87' lang='lat' dir='ltr'><strong>putribus</strong></span> <span class='ocrx_word' id='word_1_114' title='bbox 582 1601 654 1661; x_wconf 83' lang='lat' dir='ltr'><strong>istis</strong></span> <span class='ocrx_word' id='word_1_115' title='bbox 676 1598 895 1663; x_wconf 79' lang='lat' dir='ltr'><strong>fundamentis</strong></span> <span class='ocrx_word' id='word_1_116' title='bbox 918 1619 1121 1686; x_wconf 79' lang='lat' dir='ltr'><strong>superstruas</strong></span> <span class='ocrx_word' id='word_1_117' title='bbox 1146 1630 1277 1695; x_wconf 83' lang='lat' dir='ltr'><strong>geome-</strong></span> 
     </span>
     <span class='ocr_line' id='line_1_17' title="bbox 163 1680 1274 1775; baseline 0.009 -24"><span class='ocrx_word' id='word_1_118' title='bbox 163 1688 251 1751; x_wconf 75' lang='lat' dir='ltr'><strong>tris?</strong></span> <span class='ocrx_word' id='word_1_119' title='bbox 273 1685 464 1770; x_wconf 83' lang='lat' dir='ltr'><strong>Respondet</strong></span> <span class='ocrx_word' id='word_1_120' title='bbox 485 1685 555 1768; x_wconf 86' lang='lat' dir='ltr'><strong>ipse</strong></span> <span class='ocrx_word' id='word_1_121' title='bbox 576 1684 761 1761; x_wconf 75' lang='lat' dir='ltr'><strong>Lucienus,</strong></span> <span class='ocrx_word' id='word_1_122' title='bbox 784 1680 981 1769; x_wconf 66' lang='grc' dir='ltr'><strong><em>τὰτοιαῦτα,</em></strong></span> <span class='ocrx_word' id='word_1_123' title='bbox 1004 1688 1028 1753; x_wconf 91' lang='lat' dir='ltr'><strong>i.</strong></span> <span class='ocrx_word' id='word_1_124' title='bbox 1046 1710 1075 1753; x_wconf 86' lang='lat' dir='ltr'><strong>a.</strong></span> <span class='ocrx_word' id='word_1_125' title='bbox 1097 1683 1274 1775; x_wconf 74' lang='lat' dir='ltr'><strong>oiiidrsoss,</strong></span> 
     </span>
     <span class='ocr_line' id='line_1_18' title="bbox 163 1766 683 1855; baseline -0.015 -14"><span class='ocrx_word' id='word_1_126' title='bbox 163 1770 237 1841; x_wconf 75' lang='lat' dir='ltr'><strong>aridi</strong></span> <span class='ocrx_word' id='word_1_127' title='bbox 253 1780 361 1854; x_wconf 77' lang='grc' dir='ltr'><strong>στῆναι</strong></span> <span class='ocrx_word' id='word_1_128' title='bbox 375 1766 539 1855; x_wconf 68' lang='grc' dir='ltr'><strong>δυνάμενοι.</strong></span> <span class='ocrx_word' id='word_1_129' title='bbox 562 1771 683 1833; x_wconf 77' lang='lat' dir='ltr'><strong>Laura.</strong></span> 
     </span>
    </p>

    <p class='ocr_par' dir='ltr' id='par_1_4' title="bbox 77 1854 1273 2853">
     <span class='ocr_line' id='line_1_19' title="bbox 246 1854 1273 1941; baseline 0.012 -24"><span class='ocrx_word' id='word_1_130' title='bbox 246 1856 326 1927; x_wconf 79' lang='lat' dir='ltr'><strong>End.</strong></span> <span class='ocrx_word' id='word_1_131' title='bbox 344 1862 366 1919; x_wconf 89' lang='lat'><strong>1.</strong></span> <span class='ocrx_word' id='word_1_132' title='bbox 384 1865 434 1925; x_wconf 88' lang='grc'><strong>10.</strong></span> <span class='ocrx_word' id='word_1_133' title='bbox 458 1862 650 1941; x_wconf 78' lang='lat' dir='ltr'><strong>Karnyvoi</strong></span> <span class='ocrx_word' id='word_1_134' title='bbox 657 1855 747 1937; x_wconf 81' lang='grc' dir='ltr'><strong>ναι]</strong></span> <span class='ocrx_word' id='word_1_135' title='bbox 769 1854 984 1921; x_wconf 83' lang='lat' dir='ltr'><strong>Domnovm&#39;at</strong></span> <span class='ocrx_word' id='word_1_136' title='bbox 996 1860 1095 1923; x_wconf 85' lang='lat' dir='ltr'><strong>vertit</strong></span> <span class='ocrx_word' id='word_1_137' title='bbox 1115 1860 1273 1933; x_wconf 66' lang='lat' dir='ltr'><strong>Germ.</strong></span> 
     </span>
     <span class='ocr_line' id='line_1_20' title="bbox 160 1938 1273 2047; baseline 0.004 -42"><span class='ocrx_word' id='word_1_138' title='bbox 160 1942 208 2005; x_wconf 78' lang='lat' dir='ltr'><strong>Ar</strong></span> <span class='ocrx_word' id='word_1_139' title='bbox 217 1943 283 2006; x_wconf 81' lang='lat' dir='ltr'><strong>loni</strong></span> <span class='ocrx_word' id='word_1_140' title='bbox 297 1939 424 2005; x_wconf 89' lang='lat' dir='ltr'><strong>indoles</strong></span> <span class='ocrx_word' id='word_1_141' title='bbox 442 1939 605 2020; x_wconf 89' lang='lat' dir='ltr'><strong>ostendit,</strong></span> <span class='ocrx_word' id='word_1_142' title='bbox 628 1938 714 2001; x_wconf 90' lang='lat' dir='ltr'><strong>nihil</strong></span> <span class='ocrx_word' id='word_1_143' title='bbox 727 1939 817 2002; x_wconf 87' lang='lat' dir='ltr'><strong>aliud</strong></span> <span class='ocrx_word' id='word_1_144' title='bbox 830 1940 862 2005; x_wconf 87' lang='lat' dir='ltr'><strong>h.</strong></span> <span class='ocrx_word' id='word_1_145' title='bbox 878 1946 901 2006; x_wconf 84' lang='lat' dir='ltr'><strong>i.</strong></span> <span class='ocrx_word' id='word_1_146' title='bbox 917 1965 985 2006; x_wconf 87' lang='lat' dir='ltr'><strong>esso</strong></span> <span class='ocrx_word' id='word_1_147' title='bbox 998 1946 1273 2047; x_wconf 57' lang='lat' dir='ltr'><strong>anreyryvoinasre,</strong></span> 
     </span>
     <span class='ocr_line' id='line_1_21' title="bbox 162 2025 1272 2117; baseline 0.009 -30"><span class='ocrx_word' id='word_1_148' title='bbox 162 2048 259 2111; x_wconf 85' lang='lat' dir='ltr'><strong>qnam</strong></span> <span class='ocrx_word' id='word_1_149' title='bbox 277 2025 365 2110; x_wconf 85' lang='lat' dir='ltr'><strong>quod</strong></span> <span class='ocrx_word' id='word_1_150' title='bbox 383 2047 477 2109; x_wconf 85' lang='lat' dir='ltr'><strong>supra</strong></span> <span class='ocrx_word' id='word_1_151' title='bbox 495 2048 522 2087; x_wconf 86' lang='lat' dir='ltr'><strong>c.</strong></span> <span class='ocrx_word' id='word_1_152' title='bbox 540 2033 591 2095; x_wconf 75' lang='lat'><strong>30.</strong></span> <span class='ocrx_word' id='word_1_153' title='bbox 609 2025 750 2089; x_wconf 86' lang='lat' dir='ltr'><strong>Charon.</strong></span> <span class='ocrx_word' id='word_1_154' title='bbox 769 2046 796 2087; x_wconf 89' lang='grc' dir='ltr'><strong>ο.</strong></span> <span class='ocrx_word' id='word_1_155' title='bbox 814 2034 868 2095; x_wconf 87' lang='grc'><strong>21.</strong></span> <span class='ocrx_word' id='word_1_156' title='bbox 884 2042 917 2090; x_wconf 85' lang='lat' dir='ltr'><strong>et</strong></span> <span class='ocrx_word' id='word_1_157' title='bbox 929 2029 1075 2112; x_wconf 89' lang='lat' dir='ltr'><strong>saepius,</strong></span> <span class='ocrx_word' id='word_1_158' title='bbox 1098 2053 1126 2097; x_wconf 88' lang='lat' dir='ltr'><strong>s.</strong></span> <span class='ocrx_word' id='word_1_159' title='bbox 1140 2056 1170 2099; x_wconf 90' lang='lat' dir='ltr'><strong>e.</strong></span> <span class='ocrx_word' id='word_1_160' title='bbox 1185 2052 1272 2117; x_wconf 83' lang='lat' dir='ltr'><strong>reete,</strong></span> 
     </span>
     <span class='ocr_line' id='line_1_22' title="bbox 77 2111 1268 2301; baseline 0.004 -43"><span class='ocrx_word' id='word_1_161' title='bbox 77 2184 82 2195; x_wconf 56' lang='lat'><strong><em>¹</em></strong></span> <span class='ocrx_word' id='word_1_162' title='bbox 158 2111 767 2279; x_wconf 28' lang='lat' dir='ltr'><strong>peneuffipjgsssucfffioperimam)</strong></span> <span class='ocrx_word' id='word_1_163' title='bbox 797 2195 876 2258; x_wconf 83' lang='lat' dir='ltr'><strong>Jens.</strong></span> <span class='ocrx_word' id='word_1_164' title='bbox 890 2196 925 2258; x_wconf 92' lang='lat' dir='ltr'><strong>iu</strong></span> <span class='ocrx_word' id='word_1_165' title='bbox 940 2198 1064 2261; x_wconf 82' lang='lat' dir='ltr'><strong>ferculo</strong></span> <span class='ocrx_word' id='word_1_166' title='bbox 1083 2198 1173 2267; x_wconf 89' lang='lat' dir='ltr'><strong>liter.</strong></span> <span class='ocrx_word' id='word_1_167' title='bbox 1189 2222 1225 2301; x_wconf 86' lang='lat' dir='ltr'><strong>p.</strong></span> <span class='ocrx_word' id='word_1_168' title='bbox 1239 2208 1268 2271; x_wconf 82' lang='grc'><strong>9.</strong></span> 
     </span>
     <span class='ocr_line' id='line_1_23' title="bbox 160 2278 1268 2367; baseline 0.005 -24"><span class='ocrx_word' id='word_1_169' title='bbox 160 2278 1268 2367; x_wconf 57' lang='lat' dir='ltr'><strong>alammmmmowfflmwffissmmfflnffimmws</strong></span> 
     </span>
     <span class='ocr_line' id='line_1_24' title="bbox 158 2362 1265 2449; baseline 0.008 -24"><span class='ocrx_word' id='word_1_170' title='bbox 158 2364 346 2449; x_wconf 88' lang='lat' dir='ltr'><strong>preprium,</strong></span> <span class='ocrx_word' id='word_1_171' title='bbox 384 2384 444 2427; x_wconf 89' lang='lat' dir='ltr'><strong>nee</strong></span> <span class='ocrx_word' id='word_1_172' title='bbox 463 2362 561 2426; x_wconf 80' lang='lat' dir='ltr'><strong>facile</strong></span> <span class='ocrx_word' id='word_1_173' title='bbox 585 2362 663 2425; x_wconf 88' lang='lat' dir='ltr'><strong>alibi</strong></span> <span class='ocrx_word' id='word_1_174' title='bbox 686 2364 819 2448; x_wconf 90' lang='lat' dir='ltr'><strong>reperiri</strong></span> <span class='ocrx_word' id='word_1_175' title='bbox 826 2393 837 2444; x_wconf 94' lang='lat'><strong>,·</strong></span> <span class='ocrx_word' id='word_1_176' title='bbox 872 2365 1019 2429; x_wconf 88' lang='lat' dir='ltr'><strong>sednon</strong></span> <span class='ocrx_word' id='word_1_177' title='bbox 1040 2388 1138 2447; x_wconf 83' lang='lat' dir='ltr'><strong>aegre</strong></span> <span class='ocrx_word' id='word_1_178' title='bbox 1162 2372 1265 2449; x_wconf 84' lang='lat' dir='ltr'><strong>feret,</strong></span> 
     </span>
     <span class='ocr_line' id='line_1_25' title="bbox 156 2446 1267 2539; baseline 0.007 -30"><span class='ocrx_word' id='word_1_179' title='bbox 156 2450 244 2527; x_wconf 87' lang='lat' dir='ltr'><strong>soie,</strong></span> <span class='ocrx_word' id='word_1_180' title='bbox 267 2448 297 2507; x_wconf 83' lang='lat' dir='ltr'><strong>si</strong></span> <span class='ocrx_word' id='word_1_181' title='bbox 316 2449 347 2511; x_wconf 87' lang='lat' dir='ltr'><strong>ei</strong></span> <span class='ocrx_word' id='word_1_182' title='bbox 360 2446 449 2509; x_wconf 89' lang='lat' dir='ltr'><strong>huno</strong></span> <span class='ocrx_word' id='word_1_183' title='bbox 463 2447 597 2511; x_wconf 83' lang='lat' dir='ltr'><strong>Lucianr&#39;</strong></span> <span class='ocrx_word' id='word_1_184' title='bbox 612 2452 719 2510; x_wconf 89' lang='lat' dir='ltr'><strong>loeurn</strong></span> <span class='ocrx_word' id='word_1_185' title='bbox 737 2470 939 2531; x_wconf 88' lang='lat' dir='ltr'><strong>opposuero,</strong></span> <span class='ocrx_word' id='word_1_186' title='bbox 963 2452 1107 2539; x_wconf 85' lang='lat' dir='ltr'><strong>aliosque</strong></span> <span class='ocrx_word' id='word_1_187' title='bbox 1128 2474 1171 2517; x_wconf 82' lang='lat' dir='ltr'><strong>ex</strong></span> <span class='ocrx_word' id='word_1_188' title='bbox 1184 2453 1267 2519; x_wconf 70' lang='lat' dir='ltr'><strong>Plu-</strong></span> 
     </span>
     <span class='ocr_line' id='line_1_26' title="bbox 157 2532 1264 2619; baseline 0.006 -25"><span class='ocrx_word' id='word_1_189' title='bbox 157 2534 252 2597; x_wconf 77' lang='lat' dir='ltr'><strong>tarch.</strong></span> <span class='ocrx_word' id='word_1_190' title='bbox 275 2532 375 2600; x_wconf 88' lang='lat' dir='ltr'><strong>Num.</strong></span> <span class='ocrx_word' id='word_1_191' title='bbox 390 2554 463 2618; x_wconf 83' lang='lat' dir='ltr'><strong>pag.</strong></span> <span class='ocrx_word' id='word_1_192' title='bbox 477 2541 530 2600; x_wconf 85' lang='lat'><strong>71.</strong></span> <span class='ocrx_word' id='word_1_193' title='bbox 545 2541 596 2601; x_wconf 85' lang='lat'><strong>76.</strong></span> <span class='ocrx_word' id='word_1_194' title='bbox 614 2532 779 2596; x_wconf 86' lang='lat' dir='ltr'><strong>Coriolan.</strong></span> <span class='ocrx_word' id='word_1_195' title='bbox 793 2538 868 2603; x_wconf 85' lang='grc'><strong>215.</strong></span> <span class='ocrx_word' id='word_1_196' title='bbox 886 2550 919 2597; x_wconf 85' lang='lat' dir='ltr'><strong>et</strong></span> <span class='ocrx_word' id='word_1_197' title='bbox 934 2558 967 2619; x_wconf 91' lang='lat' dir='ltr'><strong>p.</strong></span> <span class='ocrx_word' id='word_1_198' title='bbox 981 2542 1056 2607; x_wconf 82' lang='grc'><strong>948.</strong></span> <span class='ocrx_word' id='word_1_199' title='bbox 1099 2536 1175 2601; x_wconf 85' lang='grc' dir='ltr'><strong>Νοο</strong></span> <span class='ocrx_word' id='word_1_200' title='bbox 1196 2560 1264 2603; x_wconf 91' lang='lat' dir='ltr'><strong>non</strong></span> 
     </span>
     <span class='ocr_line' id='line_1_27' title="bbox 155 2616 1264 2707; baseline 0.006 -27"><span class='ocrx_word' id='word_1_201' title='bbox 155 2617 283 2687; x_wconf 84' lang='lat' dir='ltr'><strong>Heliod.</strong></span> <span class='ocrx_word' id='word_1_202' title='bbox 298 2618 341 2681; x_wconf 87' lang='lat' dir='ltr'><strong>L.</strong></span> <span class='ocrx_word' id='word_1_203' title='bbox 354 2617 414 2679; x_wconf 91' lang='lat' dir='ltr'><strong>IX.</strong></span> <span class='ocrx_word' id='word_1_204' title='bbox 426 2639 459 2701; x_wconf 90' lang='lat' dir='ltr'><strong>p.</strong></span> <span class='ocrx_word' id='word_1_205' title='bbox 474 2624 547 2685; x_wconf 79' lang='grc'><strong>427.</strong></span> <span class='ocrx_word' id='word_1_206' title='bbox 562 2638 641 2702; x_wconf 91' lang='lat' dir='ltr'><strong>quos</strong></span> <span class='ocrx_word' id='word_1_207' title='bbox 654 2616 759 2680; x_wconf 83' lang='lat' dir='ltr'><strong>adfert</strong></span> <span class='ocrx_word' id='word_1_208' title='bbox 770 2618 838 2681; x_wconf 85' lang='lat' dir='ltr'><strong>Joo.</strong></span> <span class='ocrx_word' id='word_1_209' title='bbox 851 2618 935 2683; x_wconf 78' lang='lat' dir='ltr'><strong>Eleu.</strong></span> <span class='ocrx_word' id='word_1_210' title='bbox 949 2618 990 2681; x_wconf 90' lang='lat' dir='ltr'><strong>ad</strong></span> <span class='ocrx_word' id='word_1_211' title='bbox 1002 2622 1131 2707; x_wconf 83' lang='lat' dir='ltr'><strong>Evaug.</strong></span> <span class='ocrx_word' id='word_1_212' title='bbox 1144 2624 1264 2687; x_wconf 71' lang='lat' dir='ltr'><strong>Marti.</strong></span> 
     </span>
     <span class='ocr_line' id='line_1_28' title="bbox 153 2701 1263 2795; baseline 0.005 -32"><span class='ocrx_word' id='word_1_213' title='bbox 153 2702 218 2781; x_wconf 91' lang='lat'><strong>111,</strong></span> <span class='ocrx_word' id='word_1_214' title='bbox 236 2710 267 2773; x_wconf 88' lang='lat'><strong>6.</strong></span> <span class='ocrx_word' id='word_1_215' title='bbox 292 2716 330 2763; x_wconf 91' lang='lat' dir='ltr'><strong>ut</strong></span> <span class='ocrx_word' id='word_1_216' title='bbox 342 2702 468 2786; x_wconf 88' lang='lat' dir='ltr'><strong>prebet,</strong></span> <span class='ocrx_word' id='word_1_217' title='bbox 481 2701 609 2765; x_wconf 83' lang='lat' dir='ltr'><strong>verbum</strong></span> <span class='ocrx_word' id='word_1_218' title='bbox 626 2705 870 2787; x_wconf 74' lang='grc' dir='ltr'><strong><em>ἐξομολογεῖσθαι</em></strong></span> <span class='ocrx_word' id='word_1_219' title='bbox 884 2705 981 2767; x_wconf 89' lang='lat' dir='ltr'><strong>etiarn</strong></span> <span class='ocrx_word' id='word_1_220' title='bbox 993 2706 1145 2789; x_wconf 86' lang='lat' dir='ltr'><strong>profanis</strong></span> <span class='ocrx_word' id='word_1_221' title='bbox 1159 2708 1263 2795; x_wconf 88' lang='lat' dir='ltr'><strong>serip-</strong></span> 
     </span>
     <span class='ocr_line' id='line_1_29' title="bbox 153 2786 872 2853; baseline 0.001 -5"><span class='ocrx_word' id='word_1_222' title='bbox 153 2786 659 2851; x_wconf 65' lang='lat' dir='ltr'><strong>todbnsnoninusstannnrnsm</strong></span> <span class='ocrx_word' id='word_1_223' title='bbox 682 2787 806 2853; x_wconf 63' lang='lat' dir='ltr'><strong>Rarus.</strong></span> <span class='ocrx_word' id='word_1_224' title='bbox 867 2820 872 2839; x_wconf 77' lang='grc' dir='ltr'><em>ι</em></span> 
     </span>
    </p>

    <p class='ocr_par' dir='ltr' id='par_1_5' title="bbox 151 2866 1265 3042">
     <span class='ocr_line' id='line_1_30' title="bbox 236 2866 1265 2963; baseline 0.006 -28"><span class='ocrx_word' id='word_1_225' title='bbox 236 2872 315 2937; x_wconf 80' lang='lat' dir='ltr'><strong>Eud.</strong></span> <span class='ocrx_word' id='word_1_226' title='bbox 330 2876 354 2937; x_wconf 83' lang='lat'><strong>1.</strong></span> <span class='ocrx_word' id='word_1_227' title='bbox 374 2878 423 2939; x_wconf 80' lang='lat'><strong>14.</strong></span> <span class='ocrx_word' id='word_1_228' title='bbox 446 2866 616 2957; x_wconf 75' lang='grc' dir='ltr'><strong><em>Πρᾶγμοτοι</em></strong></span> <span class='ocrx_word' id='word_1_229' title='bbox 631 2874 750 2939; x_wconf 70' lang='grc' dir='ltr'><strong><em>παίδων</em></strong></span> <span class='ocrx_word' id='word_1_230' title='bbox 769 2868 909 2960; x_wconf 66' lang='grc' dir='ltr'><strong>ἔχοντες)</strong></span> <span class='ocrx_word' id='word_1_231' title='bbox 938 2872 1106 2937; x_wconf 67' lang='lat' dir='ltr'><strong>Pueriliter</strong></span> <span class='ocrx_word' id='word_1_232' title='bbox 1129 2874 1265 2963; x_wconf 78' lang='lat' dir='ltr'><strong>quidus-</strong></span> 
     </span>
     <span class='ocr_line' id='line_1_31' title="bbox 151 2954 1233 3042; baseline -0.006 -23"><span class='ocrx_word' id='word_1_233' title='bbox 151 2954 225 3019; x_wconf 81' lang='lat' dir='ltr'><strong>dam</strong></span> <span class='ocrx_word' id='word_1_234' title='bbox 239 2962 327 3042; x_wconf 71' lang='lat' dir='ltr'><strong>nugis</strong></span> <span class='ocrx_word' id='word_1_235' title='bbox 338 2980 455 3019; x_wconf 79' lang='lat' dir='ltr'><strong>vocure.</strong></span> <span class='ocrx_word' id='word_1_236' title='bbox 476 2958 586 3019; x_wconf 82' lang='lat' dir='ltr'><strong>Bnon.</strong></span> <span class='ocrx_word' id='word_1_237' title='bbox 1229 3024 1233 3033; x_wconf 32' lang='grc' dir='ltr'>Ι</span> 
     </span>
    </p>

    <p class='ocr_par' dir='ltr' id='par_1_6' title="bbox 146 3040 1266 3883">
     <span class='ocr_line' id='line_1_32' title="bbox 236 3040 1261 3126; baseline 0.01 -26"><span class='ocrx_word' id='word_1_238' title='bbox 236 3043 315 3125; x_wconf 78' lang='lat' dir='ltr'><strong>Peg.</strong></span> <span class='ocrx_word' id='word_1_239' title='bbox 331 3045 438 3110; x_wconf 88' lang='grc'><strong>106.1.</strong></span> <span class='ocrx_word' id='word_1_240' title='bbox 458 3049 486 3109; x_wconf 85' lang='lat'><strong>1.</strong></span> <span class='ocrx_word' id='word_1_241' title='bbox 511 3040 744 3126; x_wconf 76' lang='grc' dir='ltr'><strong><em>Παρομοθὶον)</em></strong></span> <span class='ocrx_word' id='word_1_242' title='bbox 766 3041 890 3105; x_wconf 84' lang='lat' dir='ltr'><strong>Confer</strong></span> <span class='ocrx_word' id='word_1_243' title='bbox 904 3063 999 3125; x_wconf 88' lang='lat' dir='ltr'><strong>supra</strong></span> <span class='ocrx_word' id='word_1_244' title='bbox 1016 3042 1120 3107; x_wconf 85' lang='lat' dir='ltr'><strong>Diali.</strong></span> <span class='ocrx_word' id='word_1_245' title='bbox 1135 3046 1261 3115; x_wconf 82' lang='lat' dir='ltr'><strong>Mortt.</strong></span> 
     </span>
     <span class='ocr_line' id='line_1_33' title="bbox 150 3124 1261 3215; baseline 0.007 -28"><span class='ocrx_word' id='word_1_246' title='bbox 150 3124 226 3194; x_wconf 87' lang='lat' dir='ltr'><strong>XV.</strong></span> <span class='ocrx_word' id='word_1_247' title='bbox 243 3134 273 3204; x_wconf 75' lang='lat'><strong>6.</strong></span> <span class='ocrx_word' id='word_1_248' title='bbox 290 3135 320 3196; x_wconf 79' lang='lat'><strong>8.</strong></span> <span class='ocrx_word' id='word_1_249' title='bbox 346 3126 474 3190; x_wconf 73' lang='lat' dir='ltr'><strong>Sonant.</strong></span> <span class='ocrx_word' id='word_1_250' title='bbox 517 3126 579 3188; x_wconf 80' lang='lat' dir='ltr'><strong>Ina</strong></span> <span class='ocrx_word' id='word_1_251' title='bbox 593 3126 702 3189; x_wconf 81' lang='lat' dir='ltr'><strong>Saloni</strong></span> <span class='ocrx_word' id='word_1_252' title='bbox 713 3126 826 3189; x_wconf 85' lang='lat' dir='ltr'><strong>citatio</strong></span> <span class='ocrx_word' id='word_1_253' title='bbox 843 3126 929 3187; x_wconf 88' lang='lat' dir='ltr'><strong>nihil</strong></span> <span class='ocrx_word' id='word_1_254' title='bbox 943 3125 1032 3189; x_wconf 89' lang='lat' dir='ltr'><strong>aliud</strong></span> <span class='ocrx_word' id='word_1_255' title='bbox 1046 3131 1134 3207; x_wconf 85' lang='lat' dir='ltr'><strong>vult,</strong></span> <span class='ocrx_word' id='word_1_256' title='bbox 1161 3152 1261 3215; x_wconf 86' lang='lat' dir='ltr'><strong>quarn</strong></span> 
     </span>
     <span class='ocr_line' id='line_1_34' title="bbox 150 3207 1261 3296; baseline 0.005 -24"><span class='ocrx_word' id='word_1_257' title='bbox 150 3210 306 3273; x_wconf 76' lang='lat' dir='ltr'><strong>Iustinum</strong></span> <span class='ocrx_word' id='word_1_258' title='bbox 320 3207 381 3275; x_wconf 88' lang='lat' dir='ltr'><strong>Ed.</strong></span> <span class='ocrx_word' id='word_1_259' title='bbox 398 3209 446 3270; x_wconf 92' lang='lat' dir='ltr'><strong>ibi</strong></span> <span class='ocrx_word' id='word_1_260' title='bbox 460 3215 542 3273; x_wconf 87' lang='lat' dir='ltr'><strong>male</strong></span> <span class='ocrx_word' id='word_1_261' title='bbox 553 3210 704 3274; x_wconf 86' lang='lat' dir='ltr'><strong>habuisse</strong></span> <span class='ocrx_word' id='word_1_262' title='bbox 718 3209 801 3295; x_wconf 74' lang='grc' dir='ltr'><strong>παρὰ</strong></span> <span class='ocrx_word' id='word_1_263' title='bbox 814 3215 947 3295; x_wconf 72' lang='lat' dir='ltr'><strong>podien·</strong></span> <span class='ocrx_word' id='word_1_264' title='bbox 970 3210 1058 3296; x_wconf 87' lang='lat' dir='ltr'><strong>quod</strong></span> <span class='ocrx_word' id='word_1_265' title='bbox 1070 3212 1194 3277; x_wconf 82' lang='lat' dir='ltr'><strong>vitium</strong></span> <span class='ocrx_word' id='word_1_266' title='bbox 1211 3214 1261 3283; x_wconf 88' lang='lat' dir='ltr'><strong>H.</strong></span> 
     </span>
     <span class='ocr_line' id='line_1_35' title="bbox 150 3293 1261 3381; baseline 0.007 -26"><span class='ocrx_word' id='word_1_267' title='bbox 150 3314 283 3379; x_wconf 86' lang='lat' dir='ltr'><strong>qnoque</strong></span> <span class='ocrx_word' id='word_1_268' title='bbox 299 3317 370 3357; x_wconf 88' lang='lat' dir='ltr'><strong>cnm</strong></span> <span class='ocrx_word' id='word_1_269' title='bbox 394 3293 575 3373; x_wconf 86' lang='lat' dir='ltr'><strong>obsideret,</strong></span> <span class='ocrx_word' id='word_1_270' title='bbox 604 3318 644 3357; x_wconf 88' lang='lat' dir='ltr'><strong>ex</strong></span> <span class='ocrx_word' id='word_1_271' title='bbox 665 3295 737 3358; x_wconf 84' lang='lat' dir='ltr'><strong>eliis</strong></span> <span class='ocrx_word' id='word_1_272' title='bbox 758 3311 792 3359; x_wconf 91' lang='lat' dir='ltr'><strong>et</strong></span> <span class='ocrx_word' id='word_1_273' title='bbox 814 3296 988 3359; x_wconf 70' lang='lat' dir='ltr'><strong>rodanone</strong></span> <span class='ocrx_word' id='word_1_274' title='bbox 1011 3297 1107 3381; x_wconf 87' lang='lat' dir='ltr'><strong>bnjns</strong></span> <span class='ocrx_word' id='word_1_275' title='bbox 1129 3298 1261 3363; x_wconf 83' lang='lat' dir='ltr'><strong>Lusia-</strong></span> 
     </span>
     <span class='ocr_line' id='line_1_36' title="bbox 148 3376 1258 3453; baseline 0.009 -16"><span class='ocrx_word' id='word_1_276' title='bbox 148 3376 1258 3453; x_wconf 56' lang='lat' dir='ltr'><strong>nfflmfflmwm&amp;mmmffimmmffimmm</strong></span> 
     </span>
     <span class='ocr_line' id='line_1_37' title="bbox 149 3462 1258 3553; baseline 0.011 -32"><span class='ocrx_word' id='word_1_277' title='bbox 149 3462 197 3523; x_wconf 90' lang='lat' dir='ltr'><strong>ibi</strong></span> <span class='ocrx_word' id='word_1_278' title='bbox 222 3484 289 3526; x_wconf 89' lang='lat' dir='ltr'><strong>unu</strong></span> <span class='ocrx_word' id='word_1_279' title='bbox 315 3478 488 3546; x_wconf 87' lang='lat' dir='ltr'><strong>comparet.</strong></span> <span class='ocrx_word' id='word_1_280' title='bbox 530 3463 602 3526; x_wconf 86' lang='lat' dir='ltr'><strong>Neo</strong></span> <span class='ocrx_word' id='word_1_281' title='bbox 628 3464 737 3527; x_wconf 85' lang='lat' dir='ltr'><strong>refert.</strong></span> <span class='ocrx_word' id='word_1_282' title='bbox 781 3462 820 3527; x_wconf 91' lang='lat' dir='ltr'><strong>Id</strong></span> <span class='ocrx_word' id='word_1_283' title='bbox 843 3480 949 3527; x_wconf 87' lang='lat' dir='ltr'><strong>autem</strong></span> <span class='ocrx_word' id='word_1_284' title='bbox 973 3468 1145 3545; x_wconf 84' lang='lat' dir='ltr'><strong>omissum,</strong></span> <span class='ocrx_word' id='word_1_285' title='bbox 1175 3470 1258 3553; x_wconf 81' lang='lat' dir='ltr'><strong>quis</strong></span> 
     </span>
     <span class='ocr_line' id='line_1_38' title="bbox 147 3545 1255 3631; baseline 0.007 -24"><span class='ocrx_word' id='word_1_286' title='bbox 147 3545 239 3623; x_wconf 82' lang='lat' dir='ltr'><strong>Edit.</strong></span> <span class='ocrx_word' id='word_1_287' title='bbox 268 3547 349 3613; x_wconf 84' lang='lat' dir='ltr'><strong>Junt.</strong></span> <span class='ocrx_word' id='word_1_288' title='bbox 371 3550 406 3609; x_wconf 92' lang='lat' dir='ltr'><strong>iu</strong></span> <span class='ocrx_word' id='word_1_289' title='bbox 429 3569 492 3629; x_wconf 89' lang='lat' dir='ltr'><strong>qua</strong></span> <span class='ocrx_word' id='word_1_290' title='bbox 521 3546 702 3609; x_wconf 87' lang='lat' dir='ltr'><strong>editionum</strong></span> <span class='ocrx_word' id='word_1_291' title='bbox 726 3550 899 3612; x_wconf 87' lang='lat' dir='ltr'><strong>varietates</strong></span> <span class='ocrx_word' id='word_1_292' title='bbox 932 3564 1255 3631; x_wconf 85' lang='lat' dir='ltr'><strong>notaveratssoster,</strong></span> 
     </span>
     <span class='ocr_line' id='line_1_39' title="bbox 148 3631 1257 3718; baseline 0.005 -27"><span class='ocrx_word' id='word_1_293' title='bbox 148 3651 216 3692; x_wconf 89' lang='lat' dir='ltr'><strong>non</strong></span> <span class='ocrx_word' id='word_1_294' title='bbox 230 3631 415 3715; x_wconf 85' lang='lat' dir='ltr'><strong>possidebat</strong></span> <span class='ocrx_word' id='word_1_295' title='bbox 430 3631 597 3695; x_wconf 79' lang='lat' dir='ltr'><strong>Hemsterlr.</strong></span> <span class='ocrx_word' id='word_1_296' title='bbox 641 3634 715 3693; x_wconf 89' lang='lat' dir='ltr'><strong>Etsi</strong></span> <span class='ocrx_word' id='word_1_297' title='bbox 731 3634 859 3708; x_wconf 83' lang='lat' dir='ltr'><strong>forsan,</strong></span> <span class='ocrx_word' id='word_1_298' title='bbox 882 3632 910 3693; x_wconf 92' lang='lat' dir='ltr'><strong>si</strong></span> <span class='ocrx_word' id='word_1_299' title='bbox 923 3634 1137 3716; x_wconf 86' lang='lat' dir='ltr'><strong>possedisset,</strong></span> <span class='ocrx_word' id='word_1_300' title='bbox 1162 3638 1257 3718; x_wconf 66' lang='grc' dir='ltr'><strong><em>οἷοι-</em></strong></span> 
     </span>
     <span class='ocr_line' id='line_1_40' title="bbox 146 3715 1266 3799; baseline 0.009 -24"><span class='ocrx_word' id='word_1_301' title='bbox 146 3715 236 3778; x_wconf 85' lang='lat' dir='ltr'><strong>modi</strong></span> <span class='ocrx_word' id='word_1_302' title='bbox 251 3716 404 3778; x_wconf 87' lang='lat' dir='ltr'><strong>minutias</strong></span> <span class='ocrx_word' id='word_1_303' title='bbox 423 3736 489 3776; x_wconf 89' lang='lat' dir='ltr'><strong>nnu</strong></span> <span class='ocrx_word' id='word_1_304' title='bbox 504 3716 695 3780; x_wconf 84' lang='lat' dir='ltr'><strong>adnotasset.</strong></span> <span class='ocrx_word' id='word_1_305' title='bbox 741 3717 807 3779; x_wconf 90' lang='lat' dir='ltr'><strong>Cur</strong></span> <span class='ocrx_word' id='word_1_306' title='bbox 821 3732 926 3779; x_wconf 85' lang='lat' dir='ltr'><strong>auteur</strong></span> <span class='ocrx_word' id='word_1_307' title='bbox 943 3738 1003 3781; x_wconf 89' lang='lat' dir='ltr'><strong>uos</strong></span> <span class='ocrx_word' id='word_1_308' title='bbox 1023 3732 1191 3799; x_wconf 85' lang='lat' dir='ltr'><strong>notemus,</strong></span> <span class='ocrx_word' id='word_1_309' title='bbox 1213 3716 1266 3785; x_wconf 86' lang='lat' dir='ltr'><strong>iu&#39;</strong></span> 
     </span>
     <span class='ocr_line' id='line_1_41' title="bbox 146 3782 839 3883; baseline 0.009 -22"><span class='ocrx_word' id='word_1_310' title='bbox 146 3782 351 3883; x_wconf 82' lang='lat' dir='ltr'><strong>praeiatinne</strong></span> <span class='ocrx_word' id='word_1_311' title='bbox 368 3798 497 3861; x_wconf 79' lang='lat' dir='ltr'><strong>dicendi</strong></span> <span class='ocrx_word' id='word_1_312' title='bbox 511 3805 605 3862; x_wconf 83' lang='lat' dir='ltr'><strong>locus</strong></span> <span class='ocrx_word' id='word_1_313' title='bbox 620 3800 692 3863; x_wconf 88' lang='lat' dir='ltr'><strong>erit.</strong></span> <span class='ocrx_word' id='word_1_314' title='bbox 715 3803 839 3867; x_wconf 79' lang='lat' dir='ltr'><strong>Rarus.</strong></span> 
     </span>
    </p>

    <p class='ocr_par' dir='ltr' id='par_1_7' title="bbox 145 3880 1255 4057">
     <span class='ocr_line' id='line_1_42' title="bbox 230 3880 1255 3966; baseline 0.008 -19"><span class='ocrx_word' id='word_1_315' title='bbox 230 3886 346 3948; x_wconf 71' lang='lat' dir='ltr'><strong>Eodl.</strong></span> <span class='ocrx_word' id='word_1_316' title='bbox 364 3893 415 3952; x_wconf 90' lang='grc'><strong>12.</strong></span> <span class='ocrx_word' id='word_1_317' title='bbox 437 3880 491 3951; x_wconf 87' lang='grc' dir='ltr'><strong>Ἢ</strong></span> <span class='ocrx_word' id='word_1_318' title='bbox 507 3882 645 3965; x_wconf 73' lang='grc' dir='ltr'><strong>ἰδόντες)</strong></span> <span class='ocrx_word' id='word_1_319' title='bbox 671 3888 724 3947; x_wconf 80' lang='lat' dir='ltr'><strong>An</strong></span> <span class='ocrx_word' id='word_1_320' title='bbox 746 3892 768 3952; x_wconf 86' lang='lat' dir='ltr'><strong>l.</strong></span> <span class='ocrx_word' id='word_1_321' title='bbox 791 3882 915 3962; x_wconf 75' lang='grc' dir='ltr'><strong>εἰδότες.</strong></span> <span class='ocrx_word' id='word_1_322' title='bbox 939 3888 1074 3952; x_wconf 83' lang='lat' dir='ltr'><strong>Bonan.</strong></span> <span class='ocrx_word' id='word_1_323' title='bbox 1118 3884 1255 3966; x_wconf 77' lang='lat' dir='ltr'><strong>Elddrec</strong></span> 
     </span>
     <span class='ocr_line' id='line_1_43' title="bbox 145 3908 746 4057; baseline 0.005 -27"><span class='ocrx_word' id='word_1_324' title='bbox 145 3969 187 4033; x_wconf 79' lang='lat' dir='ltr'><strong>A.</strong></span> <span class='ocrx_word' id='word_1_325' title='bbox 203 3972 237 4035; x_wconf 92' lang='lat' dir='ltr'><strong>P.</strong></span> <span class='ocrx_word' id='word_1_326' title='bbox 252 3985 285 4032; x_wconf 89' lang='lat' dir='ltr'><strong>et</strong></span> <span class='ocrx_word' id='word_1_327' title='bbox 305 3969 348 4033; x_wconf 87' lang='lat' dir='ltr'><strong>L.</strong></span> <span class='ocrx_word' id='word_1_328' title='bbox 364 3968 503 4047; x_wconf 87' lang='lat' dir='ltr'><strong>Melius,</strong></span> <span class='ocrx_word' id='word_1_329' title='bbox 535 3991 631 4055; x_wconf 87' lang='lat' dir='ltr'><strong>quam</strong></span> <span class='ocrx_word' id='word_1_330' title='bbox 653 3908 746 4057; x_wconf 74' lang='lat' dir='ltr'><strong>quod</strong></span> 
     </span>
    </p>
   </div>
   <div class='ocr_carea' id='block_1_3' title="bbox 145 3969 1264 4118">
    <p class='ocr_par' dir='ltr' id='par_1_8' title="bbox 145 3969 1264 4118">
     <span class='ocr_line' id='line_1_44' title="bbox 760 3969 1252 4055; baseline 0.022 -24"><span class='ocrx_word' id='word_1_331' title='bbox 760 3969 797 4031; x_wconf 88' lang='lat' dir='ltr'><strong>iu</strong></span> <span class='ocrx_word' id='word_1_332' title='bbox 813 3985 888 4037; x_wconf 85' lang='lat' dir='ltr'><strong>cett.</strong></span> <span class='ocrx_word' id='word_1_333' title='bbox 910 3985 944 4033; x_wconf 90' lang='lat' dir='ltr'><strong>et</strong></span> <span class='ocrx_word' id='word_1_334' title='bbox 960 3970 1033 4055; x_wconf 87' lang='lat' dir='ltr'><strong>ipso</strong></span> <span class='ocrx_word' id='word_1_335' title='bbox 1046 3971 1099 4035; x_wconf 89' lang='grc' dir='ltr'><strong>Μ.</strong></span> <span class='ocrx_word' id='word_1_336' title='bbox 1120 3970 1252 4051; x_wconf 73' lang='grc' dir='ltr'><strong>ἰδόντος.</strong></span> 
     </span>
     <span class='ocr_line' id='line_1_45' title="bbox 145 4054 1264 4118; baseline 0.017 -1"><span class='ocrx_word' id='word_1_337' title='bbox 145 4054 274 4118; x_wconf 80' lang='lat' dir='ltr'><strong>Snnsn.</strong></span> <span class='ocrx_word' id='word_1_338' title='bbox 1261 4054 1264 4061; x_wconf 33' lang='grc' dir='ltr'>Ι</span> 
     </span>
    </p>
   </div>
   <div class='ocr_carea' id='block_1_4' title="bbox 0 0 1322 4680">
    <p class='ocr_par' dir='ltr' id='par_1_9' title="bbox 0 0 1322 4680">
     <span class='ocr_line' id='line_1_46' title="bbox 0 0 1322 4680; baseline 0 5"><span class='ocrx_word' id='word_1_339' title='bbox 0 0 1322 4680; x_wconf 95' lang='lat' dir='ltr'><strong> </strong></span> 
     </span>
    </p>
   </div>
  </div>
 </body>
</html>
