2634 4680
320 301 363 359 ιν
382 302 512 393 Ι,νοολο
538 303 744 369 ursromau
767 306 841 359 mr.
866 279 905 370 11.
1091 290 1177 377 593
1208 280 1220 333 ·;

61 471 163 518 ratum
180 469 244 533 est,
268 467 434 536 utparum
448 450 577 514 differat
593 451 633 515 ab
649 454 690 520 ἒν.
711 453 837 520 Reroz.
880 454 956 516 Etsi
973 454 1167 547 Fronmsurae

61 546 150 603 tensis
170 538 231 600 Ed.
246 561 320 602 vere
341 539 457 600 habeat
472 539 582 618 loom,
604 541 673 620 ejus
688 550 795 600 tamen
811 539 932 616 solius,
956 563 1013 624 per
1025 562 1059 605 aa
1074 548 1165 619 pulla

61 641 108 688 est
124 627 309 703 auotoritas.
332 624 402 685 Imo
420 642 482 685 neo
498 643 580 704 opus
599 623 858 708 commotione,
882 630 981 709 q'uum
994 622 1077 711 χώρα
1089 624 1165 695 m.
1213 642 1227 704 ᾗ

61 712 224 792 οικονμὲνη
246 710 332 769 nihil
354 706 485 784 habeat,
514 707 554 768 ob
573 706 661 790 quod
683 705 922 771 condemnetur.
959 710 1062 789 ,Certe
1080 710 1164 777 eanss

60 794 131 855 dem
146 800 241 876 plane
252 794 459 855 ,locutionem
473 793 613 875 reperias
628 790 715 874 apud
728 792 952 875 Xenophontem
970 795 1092 875 Oeoou.
1103 795 1164 877 1v,'

58 887 89 947 8·
115 878 311 956 Εύπροςίτως
332 892 438 938 autem
463 875 651 936 mutandum
666 897 749 952 esse,
765 877 925 960 quidquid
944 877 1070 942 dubitet
1083 883 1163 957 Rei·-

58 969 150 1040 mius,
175 962 350 1025 ostendunt
368 965 431 1044 jam
448 959 552 1025 codd.
568 962 654 1045 Aug.
670 975 702 1041 et
719 961 809 1022 Gorl.
830 961 904 1040 ubi3
927 963 1016 1052 quod
1030 965 1162 1032 Salonam

60 1063 93 1109 et
117 1048 258 1109 Gesnerus
274 1050 496 1128 conjecerant,
511 1066 599 1107 ¹vare
614 1045 750 1130 legitur,
777 1042 978 1132 slupogrroa
1010 1047 1161 1117 Ceterum
1221 1068 1224 1073 '

59 1132 143 1192 hano
160 1133 301 1197 virorum
320 1131 450 1192 illorum
466 1128 800 1208 emendationem'am
821 1131 1012 1215 probaverat
1036 1133 1162 1209 Censor

60 1215 152 1279 Edit.
164 1215 265 1277 Reitz.
278 1214 312 1275 in
328 1214 539 1303 Novv.Aott.
558 1150 960 1299 Erudd.a.l745.p.a47.
1003 1216 1160 1303 Denique
1198 1226 1202 1236 '

60 1299 145 1383 quod
161 1301 278 1362 vitium
303 1298 444 1362 Gesnerus
465 1299 501 1358 iu
521 1295 703 1385 προςῄειμεν
727 1297 880 1361 odoratus
903 1316 989 1376 erat,
1018 1318 1161 1386 arguunt

59 1407 148 1445 nune
174 1397 313 1466 quatuor
337 1382 441 1446 codd.
464 1385 626 1444 recentius
650 1383 778 1463 collati,
812 1389 955 1470 legentes
973 1383 1159 1475 προῄειμεν,

60 1467 147 1552 quod
165 1483 251 1531 recte
266 1469 390 1551 recepit
403 1466 615 1532 Schmieclerus.
638 1468 758 1529 Luam.
868 1474 871 1480 '
1150 1512 1157 1543 ·.

143 1553 217 1635 Pog.
234 1560 307 1623 317.
322 1558 344 1614 l.
359 1562 391 1622 2.
419 1555 549 1632 Καίτοι)
584 1549 777 1636 Legendum
798 1551 908 1635 potius
930 1557 983 1621 καλ
1002 1580 1033 1623 tr
1053 1553 1158 1622 Solon.

59 1660 157 1723 marg.
174 1639 255 1700 Junt.
272 1637 434 1702 adlevaret
441 1658 451 1711 ;
482 1634 570 1719 quod
586 1659 652 1698 non
673 1635 858 1719 improbem.
879 1640 1003 1711 Rerrz.
1015 1675 1029 1704 ·.
1048 1640 1160 1705 Omis-

59 1746 95 1787 so
116 1728 212 1789 καίτοι
226 1724 307 1784 Mss.
321 1724 423 1807 Regg.
438 1727 532 1791 2954.
551 1736 583 1783 et
599 1729 692 1790 3011.
709 1743 785 1783 mox
801 1744 860 1806 pro
875 1729 973 1791 σιτίου
987 1729 1101 1811 legunt
1115 1723 1166 1797 or·¹

58 1813 116 1875 τίοι.
161 1809 223 1868 Sed
236 1811 400 1868 mallemus
418 1829 490 1868 oum
503 1804 607 1868 Solon.
627 1810 679 1871 κοιλ
693 1831 729 1869 τι.
751 1807 825 1870 Bra.
852 1808 1056 1881 »Moderrior
1072 1827 1160 1876 nerto

60 1908 93 1956 et
113 1893 237 1953 cautior
254 1892 451 1974 Biponrinus‚
484 1912 579 1974 quam
599 1888 822 1966 Solmierlerua,
847 1892 903 1974 qui
918 1898 1158 1979 aolroaprorous

60 1979 185 2058 abjecto
201 1998 388 2061 quamquam
401 1973 628 2058 praeeuntibus
643 1976 769 2058 aliquot
783 1974 903 2055 codd„
927 1994 961 2038 et
975 1983 1054 2044 σιτία
1067 1979 1158 2056 edito
1195 1991 1198 1994 ’
1270 2023 1273 2030 ι

59 2085 119 2144 pro
140 2065 255 2136 σιτίου,
285 2065 393 2121 locum
413 2061 514 2144 magis
529 2056 749 2141 depravasse,
773 2080 868 2142 quam
887 2063 1069 2128 emendasse
1091 2063 1159 2127 dici

57 2160 174 2229 potest.
207 2145 384 2205 Maximam
400 2157 506 2206 tamen
523 2147 635 2225 eulpae
650 2159 772 2226 partem
785 2148 924 2208 sustinet
936 2147 1076 2227 Belinus,
1099 2149 1158 2232 qui

59 2230 192 2294 scribat:
218 2229 295 2294 Cette
307 2229 416 2313 phrase
429 2224 524 2309 (ise.
542 2229 701 2289 sententia
715 2228 801 2306 loci)
824 2234 874 2292 n'o
893 2236 979 2315 point
1001 2233 1100 2311 lesoirr
1121 2233 1158 2314 ἄρ’
1180 2263 1184 2271 ’

58 2315 207 2402 correctis
214 2317 245 2376 ni
260 2314 295 2376 cle
310 2317 491 2392 restrictiori,
516 2331 543 2376 et
558 2337 590 2374 ce
603 2317 676 2374 n’est
691 2339 745 2396 que
760 2311 836 2376 (lons
858 2340 905 2377 ees
919 2316 1000 2380 ἅιιιοο
1018 2343 1083 2380 sens
1103 2322 1159 2404 φἰι

56 2402 119 2463 l'on
135 2398 365 2486 peotemployer
385 2404 520 2466 καίτοι
540 2400 611 2463 κοιλ.
655 2398 771 2462 Verte:
800 2407 1099 2485 quamquometiam‚
1125 2416 1159 2467 et

58 2488 142 2547 senti
159 2486 254 2545 simul
267 2484 408 2563 genitivi
422 2483 571 2566 partitivi
586 2482 787 2566 elegantiam.
832 2486 1049 2568 Aquationem
1064 2487 1158 2550 soili-
1175 2522 1178 2527 -

59 2583 110 2630 oet
126 2585 232 2628 narrat
250 2564 362 2629 auctor
375 2590 441 2629 nou
460 2591 557 2629 uuam
575 2567 725 2649 quidem,
748 2567 804 2630 sed
827 2582 933 2630 tamen
952 2571 1157 2654 praecipuam

56 2653 160 2713 fuisse
176 2673 332 2728 caussam,
357 2672 413 2712 cur
428 2652 622 2735 appulerint.
654 2648 898 2714 Frumentorum
912 2652 1044 2736 inopiae
1060 2656 1156 2729 etiam

58 2738 119 2797 alia
143 2737 228 2798 forte
255 2736 308 2795 via
326 2736 469 2795 succurri
490 2735 610 2814 potuit.
656 2734 805 2811 Ceterum
832 2757 891 2798 neo
911 2737 1002 2819 'quod
1025 2737 1158 2812 Solonas

57 2820 188 2897 maluit,
210 2821 263 2883 καί
273 2846 300 2884 τι
312 2822 363 2884 κοιλ
377 2820 541 2902 inelegans
557 2819 641 2881 foret
656 2819 773 2897 lectio,
787 2816 968 2882 >dummodo
983 2842 1092 2883 causae
1105 2843 1156 2887 es·

57 2920 122 2982 set,
147 2905 187 2964 ob
205 2926 298 2987 quam
314 2908 445 2988 vulgata
459 2918 643 2965 mutaretur.
664 2906 782 2970 Lauro.
1159 2920 1165 2926 '

142 2989 219 3051 Eocl.
233 2994 253 3052 l.
269 2997 318 3057 12.
343 2987 528 3072 Κτείνομεν)
550 2990 594 3049 Ει
609 2989 657 3050 sio
672 3011 743 3050 oum
758 2989 786 3055 J.
803 2987 920 3065 habere
931 2988 978 3052 Fl.
992 3003 1025 3054 et
1038 2991 1083 3053 Η.
1096 3013 1155 3056 uo.

59 3089 142 3136 tarat
160 3073 312 3156 Solonus5
334 3073 389 3136 sed
408 3073 528 3135 habeut
541 3089 574 3136 et
590 3075 682 3136 aliae.
726 3072 791 3134 Cur
816 3088 920 3135 autem
941 3076 1155 3156 variatiopem

59 3158 245 3243 quaesivit?
277 3159 353 3242 quia
367 3154 529 3243 ἐδιώκομεν
548 3173 581 3220 et
595 3163 748 3242 κτείνομεν
762 3156 888 3220 diversa
903 3175 979 3221 suut
990 3175 1153 3244 tempora,

57 3247 197 3324 ideoque
212 3241 359 3327 διώκομεν
372 3247 483 3327 potius
498 3244 563 3329 legi
580 3244 655 3327 quis
668 3244 776 3318 malit;
799 3241 832 3302 id
845 3242 1009 3325 quod'neo
1023 3267 1083 3330 ego
1095 3245 1154 3313 im·

55 3328 266 3411 probaverim.
312 3332 430 3391 Verum
444 3329 479 3388 in
495 3329 602 3390 eadem
619 3329 680 3390 hae
695 3327 780 3392 Hist.
794 3326 828 3399 id
842 3328 982 3391 occurrit
998 3329 1078 3393 adeo
1091 3330 1155 3393 fre·
1192 3331 1199 3356 l

58 3413 211 3496 quanter,
243 3428 280 3473 ut
303 3413 412 3473 studio
435 3429 577 3493 tempora
600 3413 739 3475 variasse
759 3410 908 3475 videatur
926 3427 1056 3476 auctor:
1078 3435 1152 3477 narn

56 3520 112 3560 cur
136 3502 245 3579 paullo
265 3512 424 3559 antemon
445 3499 520 3560 item
536 3496 695 3584 quaesivit
712 3495 915 3574 varietatem,
945 3519 1017 3559 oum
1030 3501 1153 3583 legeret
1190 3509 1193 3516 '

55 3585 198 3660 ἐδίωκον,
220 3583 272 3644 καὶ
287 3579 489 3663 λαμβάνουσι,
514 3596 545 3643 et
563 3587 674 3663 paullo
690 3595 765 3663 post
783 3577 992 3665 λαμβάνομεν,
1016 3585 1070 3647 οιαὶ
1084 3577 1152 3651 clre-

55 3669 222 3749 σιρέφομιν
244 3688 303 3747 pro
326 3664 448 3747 α’ναστρ.
475 3680 506 3728 et
522 3688 590 3745 cap.
606 3674 658 3736 45.
673 3664 772 3744 εἶδον,
795 3668 847 3730 aul
862 3663 1077 3750 συλλαμβάνω,
1099 3669 1152 3736 ool

55 3751 233 3832 ἀνέκρινον·
256 3753 373 3813 utalia
392 3754 525 3812 mittam.
550 3750 808 3833 conjunctiones
826 3749 913 3815 euim
931 3752 1051 3814 similia
1072 3766 1151 3817 tem.

52 3857 130 3917 pora
147 3857 212 3895 uon
227 3856 351 3920 regere,
374 3857 467 3918 supra
483 3840 545 3918 jam
562 3832 714 3902 diximus.
758 3837 804 3898 Et
817 3857 857 3897 ex
869 3832 1001 3897 Latinis
1017 3858 1150 3899 sexcen-

53 3935 86 3979 ta
101 3920 217 4001 similia
232 3922 374 4001 proferre
387 3923 512 3997 liceret,
523 3976 526 3980 .
536 3933 573 3980 ut
587 3919 710 3982 Sallust.
726 3920 801 4004 Jug.
820 3943 848 3983 o.
864 3928 936 3997 118,
947 3928 978 3997 7.
1000 3921 1149 4005 Iugur-ilio

55 4004 158 4064 Sullae
170 4009 283 4066 vinctus
299 4006 446 4083 traditur,
468 4022 495 4067 et
508 4006 546 4066 ab
561 4027 594 4068 eo
609 4003 651 4067 acl
665 4000 801 4069 Marium
816 4004 967 4069 deductus.
1011 4004 1100 4090 Quin
1116 4021 1149 4068 et

53 4087 166 4151 modus
188 4087 332 4154 diversus
351 4089 511 4156 interdum
534 4089 798 4175 eonjunotionem
821 4089 983 4178 sequitur,
1010 4105 1048 4154 ut
1061 4087 1149 4177 apud
