2634 4680
149 278 225 353 Md
412 260 986 339 susurratores

150 434 529 524 nec-praetereundum,
572 455 631 495 nec
664 430 875 515 rejiciendum
910 430 1087 497 existimo.
1129 434 1260 497 Gneus.

150 536 337 606 Διαιρεῖν
359 528 417 595 εἰς
438 518 506 584 δύο
530 532 683 579 contextu
698 520 834 577 docente
848 516 881 581 h.
894 520 916 579 1.
933 516 1136 599 significat:
1162 518 1261 603 dupli·

152 608 393 677 eem'hiaroriae
419 606 511 667 sutem
535 624 726 686 proponere.
768 602 887 662 Monet
908 616 1017 661 autem
1042 600 1117 663 hoo
1139 620 1261 676 auctor,

153 699 247 839 οι
269 685 1262 853 ναα,κουροι,κυριεύειν

153 806 184 843 vr
210 803 226 841 e
250 801 289 837 ao
309 799 345 834 ur
365 800 403 837 ex
435 799 444 833 t
586 820 594 835 .
1034 816 1046 847 ,
1252 812 1262 827 .

154 869 233 927 ciem
247 862 366 945 Josepla'
378 867 492 932 iocum,
516 858 554 918 de
566 856 758 929 rationibus,
784 854 898 937 quibus
917 854 1013 913 multi
1029 854 1078 916 ad
1096 794 1259 918 historiale

153 947 351 1009 scribendam
366 944 574 1007 adducantur.
619 940 753 1023 Antiqu.
771 940 798 1000 Ι.
816 938 855 1003 ab
873 938 988 999 initio:
1014 940 1116 1017 -Ἰὶνές
1137 942 1194 1023 μέν
1213 940 1260 1027 γάρ

152 1030 385 1111 ἐπιδεικνύμενοι
409 1030 506 1112 λύγων
527 1022 700 1107 desudante,
727 1027 781 1088 καὶ
802 1022 858 1129 στὶν
877 1017 934 1087 ἄπ’
954 1016 1064 1105 arietis
1089 1022 1261 1111 θηρώμενοι

155 1116 263 1195 δόξαν,
285 1118 434 1181 ἐπὶτοῦτο
449 1120 503 1191 τῆς
515 1116 653 1183 παιδείας
665 1108 699 1173 ed
714 1112 803 1193 μέρος
823 1116 977 1191 ορμοῑσιν·
1008 1106 1108 1176 άλλοι
1129 1112 1165 1179 δέ
1185 1105 1260 1196 χάριν

156 1206 282 1275 ἐκείνοις
296 1202 454 1282 φέροντες,
476 1198 544 1277 περὶ
559 1186 602 1260 siv
615 1192 670 1274 τὴν
683 1189 865 1301 ἀναγραφὴν
874 1192 952 1257 εἶναι
974 1198 1200 1279 συμβέβηκεν,
1215 1196 1259 1261 eir

157 1292 200 1363 εἷς
213 1280 308 1365 adesir
320 1282 418 1349 πόνον
433 1282 483 1345 καὶ
495 1276 570 1363 ύπέρ
587 1277 716 1361 δύναμιν
730 1280 911 1359 νπὲοιησαυ.
933 1280 993 1342 εἷσέ
1007 1275 1040 1341 δ’
1059 1284 1180 1359 οἵτινες
1190 1278 1257 1365 idti-

135 1443 138 1452 Ι
157 1382 278 1453 odacar
288 1362 343 1433 ὑπ’
360 1364 457 1447 αὐτῆς
468 1372 524 1447 τῆς
537 1374 596 1429 τῶν
610 1362 792 1445 πραγμάτων
805 1357 954 1448 άνάγκης,
979 1360 1029 1439 oie
1043 1369 1259 1451 πραττομένοις

156 1458 341 1537 παρέτυχον,
363 1460 457 1516 ταῦτα
469 1459 573 1536 γραφῇ
585 1447 716 1533 δηλούσῃ
728 1453 909 1532 περιλαβεῖν.
930 1446 1074 1527 πολλούς
1091 1452 1257 1537 dissuim-

157 1546 254 1623 κίμων
267 1541 396 1647 μέγεθος
411 1533 610 1619 πραγμάτων,
635 1537 667 1599 έν
683 1528 791 1621 άγνοέμ
805 1535 951 1615 κειμένων
964 1532 1194 1621 προύτρεψεν,
1213 1534 1258 1621 nir

156 1628 227 1713 περὶ
239 1631 339 1688 actua
355 1626 489 1701 ἱστορίαν
503 1625 545 1696 εἰς
555 1618 663 1701 κοινὴν
676 1616 822 1699 ὠφέλειαν
832 1622 1004 1701 ἐξενεγκεῖν.
1028 1622 1137 1685 Run-

241 1708 318 1771 Ead.
335 1712 356 1768 1.
372 1716 400 1773 7.
416 1704 487 1771 Ἓν
507 1705 575 1790 γάρ
599 1704 733 1790 ἔργον]
760 1705 870 1764 Posuit
885 1702 949 1763 hoc
966 1707 1186 1786 auctor-eins
1197 1729 1257 1793 pro·

156 1794 289 1857 batione
307 1808 339 1854 et
358 1790 639 1855 demonstratione.
684 1788 846 1851 Afferebst
868 1785 902 1847 id
928 1788 1069 1870 quidem
1094 1792 1194 1855 notio
1214 1792 1256 1854 iti·

158 1879 291 1956 storias,
321 1900 415 1961 quarn
438 1878 501 1936 sibi
528 1872 773 1943 informaverat;
805 1870 862 1933 sed
886 1892 950 1953 quo
974 1876 1051 1955 jure
1076 1876 1116 1937 id
1138 1878 1255 1953 fetent,

157 1964 289 2045 iusuper
301 1961 516 2046 quaerendum
535 1976 610 2025 erat.
640 1960 713 2019 Hoc
724 1956 820 2018 modo
835 1971 919 2019 certe
934 1958 1087 2021 refutare
1113 1982 1183 2023 non
1198 1976 1255 2045 pet·

158 2064 227 2111 erat
255 2049 354 2127 alios,
394 2048 451 2130 qui
479 2047 573 2107 aliam
601 2045 709 2105 animo
738 2042 906 2104 notionem
937 2042 1256 2125 comprehenderent

158 2134 249 2197 Ηοο.
813 2164 816 2170 ·

242 2214 319 2279 Eud.
335 2222 357 2279 l.
373 2220 403 2283 9.
425 2208 528 2301 Αύιδ)
549 2216 670 2275 Forsan
694 2206 785 2300 crispi.
828 2208 889 2273 Sed
906 2210 1125 2284 nihilmttto.
1168 2213 1255 2279 Proin

158 2302 243 2364 enim
258 2302 352 2362 etiem
369 2305 510 2383 vulgata.
534 2301 663 2362 Sanan.
707 2300 823 2381 Longe
839 2310 980 2377 praestat
1002 2294 1109 2378 αύτδ,
1134 2299 1158 2362 i.
1173 2322 1201 2367 e.
1214 2300 1255 2366 set

157 2380 232 2451 αύιδ
250 2383 283 2449 ed
306 2384 449 2464 τερπνὸν,
480 2404 538 2466 pro
560 2382 773 2444 Nominativo
795 2380 985 2443 habendum.
1037 2384 1119 2448 Neo
1141 2383 1182 2451 de
1200 2388 1254 2448 uile

158 2469 339 2530 mutatione
355 2467 573 2551 cogitandum.
602 2470 720 2531 Leuat.

240 2552 317 2614 Est.
343 2557 364 2612 1.
382 2561 431 2620 ιο.
464 2550 580 2629 κάκκας
597 2549 686 2627 ενι.)
718 2552 843 2635 otissa.
868 2551 1033 2629 vl11,s‚
1059 2560 1117 2621 to.
1141 2554 1257 2619 Ριιει,
1304 2570 1309 2581 ·

155 2638 297 2721 adspectu
313 2636 441 2716 athleta,
465 2643 514 2702 aui
529 2638 655 2701 lacertos
674 2644 848 2702 eaeroitatio
867 2640 1028 2722 expressit,
1054 2638 1142 2701 idem
1166 2656 1255 2703 certo-
1294 2679 1297 2701 ι

155 2728 665 2891 ttttttr'ttnitssttqdffi?
672 2728 733 2890 ,¹31⁰
737 2720 1258 2889 {tsiitttssi't‘ffittt'ttt

157 2890 228 2954 dem
245 2892 371 2973 Quintil.
388 2895 540 2975 vlitpr.
558 2899 608 2959 19.
633 2895 736 2958 (διον.
767 2894 885 2955 Sensus
900 2912 966 2950 non
984 2904 1053 2951 este
1080 2892 1257 2973 pulchrito-
1293 2883 1297 2950 !

156 2976 264 3037 dinem
286 2979 425 3037 naturali
441 2977 579 3060 quodam
603 2977 736 3038 vinculo
751 2999 823 3037 cum
838 2976 954 3038 robore
969 2990 1030 3039 etc.
1049 2981 1256 3058 conjunctam
1292 2983 1297 3032 t

156 3081 240 3138 esse,
263 3076 301 3119 ut
314 3064 436 3141 cepisse
449 3061 578 3123 videtur
595 3059 748 3124 Gesnerus.
769 3096 813 3111 -
835 3096 874 3109 -
897 3062 998 3121 Immo
1013 3069 1097 3121 ver'o
1114 3059 1255 3135 affirmat,

154 3144 183 3205 si
205 3143 343 3205 athletae
358 3162 482 3225 praeter
504 3146 590 3207 vires
606 3158 638 3208 et
657 3149 794 3231 reliques
810 3146 873 3227 ipsi
891 3144 1091 3206 necessarias
1111 3145 1255 3225 virmtst,

155 3228 252 3291 etiam
268 3228 479 3310 pulchritudo
496 3231 555 3307 sit,
581 3231 661 3292 bene
675 3231 708 3290 id
723 3254 757 3293 se
772 3230 898 3294 habere.
921 3230 1014 3291 Run.
1109 3296 1115 3322 ἱ

239 3312 318 3379 lbid.
345 3309 441 3380 Ούδέν
459 3313 589 3381 κωλύσει
608 3309 666 3396 ἆρ’
681 3310 868 3400 Ἡρακλέους
888 3316 1030 3398 γενέσθαι
1046 3311 1260 3403 Νωιύσερσεοε

153 3395 208 3462 edu
217 3390 369 3464 Ἰσιδότου
381 3400 533 3483 γεννάδαν
548 3399 639 3478 ὄντα)
662 3401 727 3461 Ηὶο
742 3406 834 3463 locus
848 3401 949 3483 prima
965 3398 1050 3459 fecie
1066 3399 1207 3463 videtur
1218 3420 1260 3462 ει-

154 3503 217 3542 nus
231 3497 264 3545 et
277 3483 420 3567 integer,
441 3500 562 3569 etpost
584 3506 656 3545 uam
672 3486 816 3547 exactius
831 3481 1056 3567 praecedentis
1070 3498 1108 3562 et
1121 3506 1259 3571 sequen-

154 3566 201 3626 tia
214 3567 407 3643 examinavi,
430 3570 513 3631 mihi
529 3508 656 3631 ridetur
672 3569 780 3634 deesse
793 3590 857 3630 uns
873 3568 1018 3642 literulu,¹
1027 3581 1067 3629 ut
1085 3568 1173 3633 bene
1188 3590 1259 3654 qna·

155 3648 226 3711 dret
241 3650 282 3712 ad
302 3673 427 3715 sensum
450 3654 605 3728 auctoris,
629 3655 685 3738 qui
706 3655 779 3715 telis
801 3667 866 3715 est:
888 3656 915 3715 si
929 3651 1129 3737 pulchritudo
1145 3669 1180 3716 et.
1190 3655 1259 3718 utre

155 3742 383 3798 concurrentia
397 3738 523 3818 athleta,
547 3763 607 3801 non
628 3744 683 3801 erit
703 3739 894 3822 spernendum
912 3738 972 3799 tole
984 3742 1190 3817 consortium,
1212 3733 1260 3801 ted

156 3815 332 3902 deformitas
351 3826 383 3883 in
403 3824 531 3901 athleta,
555 3824 644 3885 modo
661 3824 751 3885 robur
766 3828 907 3886 invictum
921 3840 949 3883 et
967 3824 1157 3903 experientia
1172 3822 1258 3897 adsit,

154 3924 214 3963 που
226 3904 379 3985 impediet,
402 3933 461 3991 quo
476 3914 572 3971 minus
582 3913 718 3991 praemia
732 3925 872 3993 reportet,
895 3925 922 3967 et
935 3908 1060 3989 insignis
1072 3909 1260 3970 existimetur

155 3984 278 4048 athleta.
322 3989 428 4070 Igitur
449 3994 483 4051 in
498 4007 569 4055 toto
589 4016 628 4057 eo
643 3994 798 4055 sermonis
820 4006 941 4068 tractu,
966 3994 1074 4051 nullus
1099 4005 1151 4053 est
1170 3995 1258 4053 locus

154 4071 314 4135 mentioni
332 4073 371 4135 de
385 4076 567 4145 nobilitate.
610 4076 692 4143 Ideo
704 4075 738 4145 ed
752 4072 812 4160 ἆρ’
824 4072 1016 4163 ’Προκλέους
1030 4076 1179 4161 γενέσθω
1193 4094 1257 4139 uon
