2634 4680
68 280 70 285 ·
174 240 250 317 ωδ
442 228 1020 311 annoraatonss

176 430 270 492 quem
285 407 442 469 delectum
465 404 646 467 mittantad
672 404 867 485 Zamolxin,
893 406 1045 489 erigeronti
1066 410 1121 469 vel
1141 400 1280 493 dump-

175 518 269 561 novor
279 492 360 575 nupti
379 491 432 557 ιὸν
443 487 610 573 Ζάμολξιν,
635 488 836 574 ἐντελλόμενοι
852 497 914 555 τοῖν
929 488 1279 559 interiacentium.

178 580 251 641 Ηοο
268 578 377 657 itaque
394 578 428 636 in
446 578 595 638 versione
609 591 736 639 secutus
754 597 834 637 suna.
876 576 1010 637 Deinde
1030 576 1131 641 verba
1153 578 1207 645 iul
1228 586 1280 663 ςῆς

176 659 319 735 Ἑλλάδος
332 661 464 721 omnino
484 658 747 741 praecedentibus
768 664 879 745 jungo.
923 660 1011 744 Quid
1028 660 1146 725 enim?
1177 660 1279 729 diace-

179 770 253 809 rene
270 746 426 806 debebant
437 744 600 818 homines,
624 746 827 827 Areopagum
840 758 872 806 et
886 745 1029 807 Athenas
1044 766 1116 812 ease
1132 746 1168 807 in
1182 748 1280 812 Grae-

180 831 253 893 cia?
276 852 316 889 an
335 828 432 906 illud,
466 829 632 891 barbarum
657 828 818 893 hominem
841 842 874 891 et
892 828 1044 911 scytham
1064 852 1128 915 pro
1150 832 1278 913 Herae,

179 936 239 999 pro
253 914 405 975 auxiliari
423 914 575 975 Graeciae
591 915 741 991 numine,
769 912 806 973 in
822 912 957 975 Graecia
973 914 1149 999 agnitum?
1172 918 1279 983 Gaas.

180 999 260 1061 Abit
274 1021 291 1059 tt
310 998 428 1061 Gesneri
440 997 600 1064 sententia
619 996 738 1061 Wessei.
756 996 795 1057 ttd
814 998 908 1061 Diod.
923 999 986 1061 Sin.
1000 1000 1026 1063 λ.
1041 1021 1073 1143 Ξ.
1090 1005 1167 1071 105.
1177 1024 1216 1069 n.
1227 1012 1278 1075 52,

180 1092 215 1145 et'
238 1077 476 1159 ἆοιαθονοιλζιιν
496 1084 620 1163 probat.
644 1084 767 1147 Rasna.
811 1083 864 1143 De
889 1084 1038 1143 Zamolxi
1062 1106 1100 1165 e,
1124 1086 1279 1151 Getarum

179 1168 383 1251 legislatore,
430 1182 530 1227 taeter
542 1167 717 1249 Menagiam
731 1187 826 1249 supra
846 1168 1008 1228 laudatum
1021 1184 1163 1252 egerunt
1183 1172 1278 1235 etiam

183 1250 355 1333 Wesscling.
378 1189 426 1311 ad
434 1251 584 1317 Herodoti
598 1256 620 1311 l.
635 1257 655 1311 λ.
676 1266 708 1312 et
728 1252 769 1313 D'
791 1251 916 1313 Anville
936 1252 971 1311 itt
995 1250 1277 1319 commentatione

180 1356 235 1396 sur
248 1341 278 1401 la
297 1337 409 1395 tration
427 1334 481 1397 des
497 1335 594 1395 Getes
609 1349 642 1397 et
655 1356 710 1395 aur
725 1339 755 1397 le
771 1335 906 1397 Pontife
919 1334 1017 1399 adore
1031 1334 1109 1399 chira
1124 1354 1212 1407 cette
1224 1360 1275 1403 aa·

181 1420 254 1481 tion
267 1420 302 1479 in
315 1422 414 1485 Mem.
431 1418 471 1483 de
484 1420 507 1482 1’
518 1418 617 1485 Acad.
635 1418 691 1481 des
703 1420 803 1485 Inacr.
819 1419 931 1501 XXV,
946 1428 1002 1491 34.¹
1012 1443 1057 1507 sq.
1079 1424 1205 1491 Lanu.

265 1588 344 1658 Εοιλ.
361 1593 382 1652 l·
402 1595 450 1661 10.
474 1584 563 1653 ’Alli
584 1622 627 1643 -ι-
646 1588 772 1668 λδοξεν)
796 1579 884 1655 ’Alii
903 1591 955 1655 καλ
969 1587 1278 1673 Ἀθηναίοις“λξιῖοοι
1308 1633 1313 1639 -

180 1680 338 1740 θεοποιεῖν
349 1672 420 1747 roda
435 1670 562 1748 Σκύθας
576 1675 624 1739 inl
636 1679 689 1754 τῆς
699 1668 854 1747 Ἑλλάδος.
877 1672 954 1739 sosoi
973 1673 1027 1740 τδν
1037 1676 1148 1759 λοιμδν
1159 1678 1216 1745 adar
1234 1682 1278 1761 pl·

182 1784 238 1842 γοιν
251 1762 362 1835 ἔδοξεν.
407 1758 460 1820 Sio
476 1758 650 1842 distinguit
663 1756 907 1834 Bourdeiotiono‚
932 1775 964 1835 et
975 1760 1207 1839 interpretatio
1222 1766 1279 1829 Od-

182 1842 1033 2013 {iiiiii’sii-‘if''iiiiiiii‘iiiiiiiiiciiff
1051 1846 1227 1997 simiis

183 2016 289 2075 anneis
314 2013 521 2100 infestabatur.
564 1952 741 2077 Benedictus
768 2014 812 2071 ita
840 1952 979 2073 rhetorit
1012 1954 1277 2095 disiiitotionen,

182 2098 254 2171 τοὺς
266 2098 404 2173 Σκύθας.
427 2100 476 2162 isal
493 2104 547 2176 τῆς
565 2092 710 2171 Ἑλλάδος
726 2093 818 2173 κατὰ,
849 2112 974 2159 vertens
997 2112 1101 2162 tamen
1111 2146 1122 2177 ,
1154 2100 1280 2187 Scythas

185 2186 216 2245 in
227 2182 354 2244 Graecia
368 2186 446 2244 Deos
453 2181 572 2266 facere.
619 2181 684 2263 Quo
698 2198 824 2271 tempora
834 2204 921 2241 οοενο
932 2182 1099 2264 pestilentie
1109 2186 1280 2269 manda-

186 2284 234 2327 tur
244 2268 382 2329 Athenis.
426 2264 521 2327 Unde
536 2280 678 2345 apparet,
700 2279 854 2345 quantum
867 2264 932 2325 sibi
948 2268 1131 2345 permiserit
1147 2284 1281 2353 uterque

186 2352 360 2431 interpres,
383 2374 454 2411 cum
469 2364 502 2412 et
519 2347 557 2409 de
571 2352 693 2430 populo
711 2347 902 2411 Atheniensi
920 2350 1005 2410 nihil
1019 2349 1131 2413 dicant
1145 2354 1281 2433 Graeca,

186 2447 217 2496 et
233 2434 421 2497 tantundem
437 2433 475 2495 de
488 2433 642 2495 Benedicti
655 2430 805 2497 Athenis.
847 2432 943 2497 Certe
957 2433 1085 2516 quidem
1101 2436 1138 2497 in
1153 2458 1192 2499 ea
1207 2438 1280 2501 nrbe

187 2521 270 2577 luem
288 2535 457 2601 grassatam
473 2539 567 2579 nerno
585 2518 629 2577 ita
651 2537 764 2579 coecus
783 2530 847 2593 eat,
871 2519 929 2601 qui
951 2540 1017 2581 non
1041 2518 1122 2581 satia
1139 2544 1183 2583 ex
1204 2524 1282 2587 aeria

188 2602 345 2662 orationis
360 2602 475 2665 videat.
520 2600 584 2665 Sed
598 2624 638 2663 an
652 2616 820 2685 propterea
834 2624 899 2663 non
912 2601 1007 2664 etiam
1022 2606 1133 2684 potuit
1147 2604 1284 2689 grassari

186 2700 275 2748 extra
290 2687 399 2750 urbem
419 2690 504 2748 illam
521 2708 577 2768 per
592 2685 785 2749 Graeciam?
816 2700 848 2747 et
866 2708 937 2747 eum
953 2702 1151 2770 grassaretur
1165 2690 1216 2753 ita
1231 2712 1283 2773 pet

186 2771 365 2833 universam
382 2796 445 2835 non
462 2772 567 2832 minus
583 2772 766 2846 Graeciam,
790 2792 882 2852 quarn
899 2771 1059 2849 Athenas,
1081 2794 1123 2833 an
1139 2796 1208 2837 nott
1224 2796 1284 2857 po-

187 2854 251 2915 tnit
276 2856 438 2939 singulare
462 2857 631 2916 monstrari
654 2854 826 2917 remedium
850 2856 922 2915 urbi
940 2854 1161 2935 Athenarum,
1186 2880 1285 2943 aequa

186 2954 223 3001 ut
237 2940 311 3001 aliis
326 2942 462 3022 privatis
475 2938 634 3001 urbibus?
656 2940 759 3001 Nemo
775 2940 970 2999 contrarium
984 2940 1114 3007 disserit.
1137 2944 1185 3005 Ea
1198 2966 1285 3029 prot-

186 3045 240 3084 eus
258 3030 321 3085 tale
337 3028 457 3085 iactum
476 3039 666 3088 memoratur
684 3023 723 3083 ab
739 3024 981 3105 Harpocratione
995 3024 1029 3085 itt
1038 3024 1172 3109 Ἄβαρις,
1216 3030 1284 3095 Jattt

186 3108 282 3169 verba
302 3110 356 3168 illa
378 3112 427 3174 inl
447 3115 500 3191 τῆς
513 3104 658 3187 Ἑλλάδος
680 3107 844 3190 pertinent
874 3108 1009 3170 omnino
1032 3110 1072 3171 ad
1094 3112 1284 3195 sequentis,

188 3192 304 3273 quibus
320 3194 494 3255 rectissime
515 3194 735 3265 conveniunt,
759 3214 829 3253 cum
846 3191 1112 3275 praecedentibus
1128 3194 1285 3265 adhaere-

187 3291 244 3337 ant
256 3299 385 3359 proraua
400 3278 486 3360 quod
504 3276 543 3337 ad
560 3278 714 3358 syntaxin
734 3276 921 3358 κακοζήλοις,
945 3283 999 3357 (et
1020 3277 1100 3362 quia·
1110 3278 1201 3343 dicet
1216 3290 1285 3347 θοο-

186 3372 288 3427 οιοιεῖν
303 3365 351 3427 ἐπὶ
365 3358 611 3442 τιῖςἙλλολδοςς)
633 3358 722 3444 quod
734 3360 775 3423 ad
790 3384 853 3425 rem
868 3362 980 3443 ipsam,
1003 3362 1190 3447 nugacitate
1215 3386 1285 3427 caat

187 3445 399 3509 Athenienses
416 3463 578 3529 nequeant
594 3453 765 3523 θεοποιεῖν,
789 3446 855 3507 nisi
879 3447 913 3505 iu
929 3446 1093 3511 territorio
1116 3468 1199 3511 auor
1226 3470 1285 3514 tte-

187 3550 249 3613 que
262 3532 400 3593 Lucieno
412 3533 620 3594 contrarietas
632 3530 666 3590 in
682 3528 734 3591 his
747 3531 889 3614 quaesita
903 3545 969 3607 est,
991 3529 1046 3593 sed
1058 3530 1094 3595 in
1107 3530 1245 3614 Scythia
1254 3546 1285 3599 et

186 3611 453 3679 Atheniensibus.
481 3616 591 3679 Giton.
610 3671 613 3677 .
634 3616 759 3677 Horum
776 3614 815 3677 de
831 3613 934 3679 verbis
949 3617 999 3683 inl
1010 3622 1064 3697 τῆς
1076 3610 1226 3695 Ἑλλάδος
1238 3622 1285 3699 Ιο-

187 3694 365 3760 dicatorum
382 3701 569 3763 tenuitatem
587 3700 664 3761 satis
677 3698 826 3780 aperiunt
840 3721 942 3781 panca
957 3698 1076 3772 Granni
1087 3700 1197 3767 verba.
1220 3702 1285 3767 Ne-

188 3800 249 3863 que
264 3782 362 3843 hodie
378 3785 473 3847 facile
487 3785 606 3858 fuerit,
631 3784 687 3867 qui
702 3782 857 3852 Benedicti
871 3785 1046 3851 mutationi
1059 3782 1285 3851 distinctionis

181 3865 293 3925 album
314 3868 445 3949 adJioiat
466 3872 643 3948 calculum
664 3868 848 3951 praesertim
871 3890 942 3929 cuna
958 3868 992 3937 in
1011 3867 1179 3949 omnibus,
1229 3890 1285 3935 aea

187 3952 356 4026 consului,
378 3953 468 4014 libris
492 3953 587 4014 verba
613 3952 676 4013 ista
703 3951 965 4033 praecedentibus
986 3956 1097 4032 juncta
1116 3974 1286 4039 repertan-

187 4047 250 4095 tur.
295 4038 397 4101 Recte
415 4037 512 4099 vertit
527 4037 669 4111 Belinust
696 4041 810 4099 οιιοοίο
827 4038 918 4099 mima
936 4036 1020 4107 ticin
1047 4036 1149 4113 (iriae.
1182 4024 1285 4117 meis
