2634 4680
250 328 316 379 ru
367 310 942 378 rraauurdruan.
1074 312 1147 382 701

50 482 137 539 inter
158 474 241 553 ὅπως
263 492 295 538 et
317 473 401 561 decep·
444 476 582 534 Etcum
602 471 744 536 viderem
771 476 936 560 principes
956 475 1039 543 Edd.
1059 476 1150 559 priua

52 564 177 639 habere,
200 563 368 645 idrecepi,
382 581 451 622 non
467 578 580 621 curant
596 556 675 641 quid
692 559 837 640 reliquae
852 561 1002 624 habeant.
1025 563 1150 624 Rnrrz.

136 647 218 709 ibid.
241 651 285 711 Εί
303 641 410 729 μηκέτ’
431 645 531 719 doctu)
552 640 726 706 Adleverat
738 644 905 707 Haneterh.
921 644 1096 709 videndum
1109 647 1154 710 L.

51 734 115 795 Bos
135 734 170 790 in
190 734 309 797 Exerc.
328 729 413 792 Phil.
430 728 477 790 -ad
496 729 539 794 N.
555 731 595 789 T.
609 749 642 810 p.
655 731 685 796 5.
729 729 762 790 Io
785 743 890 791 autem
913 730 961 791 ibi
984 733 1154 794 occasione

51 818 224 882 verborum
245 818 370 898 Evang.
387 814 502 876 Mani.
519 814 570 892 11,
599 821 650 881 18·
669 809 781 897 Ῥαχὴλ
800 819 949 879 κλαίουσα
967 852 1012 865 -
1034 815 1081 882 ὅτι
1097 811 1156 882 atie

52 905 125 979 eici,
148 907 242 984 plura
261 899 449 961 testimonia
470 898 590 977 adfert,
621 895 677 958 ubi
704 897 784 960 haec
810 897 935 981 phracio
957 900 1157 983 de-mortnit

54 986 260 1059 adhibeatur,
284 1006 351 1047 non
365 984 485 1046 omisso
502 983 599 1047 etiam
610 982 674 1046 hoc
687 984 821 1046 Lucioni
832 988 927 1046 loco..
943 984 1070 1047 Ratun.

141 1071 216 1154 Pag.
233 1078 307 1139 838.
324 1073 347 1134 l.
362 1078 394 1139 8.
416 1066 511 1155 ’Ἀλίῳ
530 1093 573 1155 (cp
594 1066 717 1154 catina)
747 1069 935 1130 Articulum·
953 1090 1077 1155 ego-pro
1095 1072 1159 1137 avt

53 1159 111 1219 hio
123 1153 366 1238 accipiendum,
390 1168 477 1216 recte
492 1153 620 1215 monuit
631 1153 710 1215 Jenc.
725 1167 804 1215 nota
820 1152 999 1235 superiore.
1042 1155 1158 1217 Exem-

56 1246 110 1324 pla
125 1262 204 1304 vero
220 1238 287 1305 vid.
303 1236 466 1300 Prometh.
482 1237 517 1299 in
532 1237 648 1303 Verbb.
665 1261 693 1299 c.
705 1244 734 1305 7.
750 1238 861 1322 ibique
874 1237 1040 1305 Haastmi.
1063 1237 1158 1302 Adde

58 1328 144 1390 θεία.
161 1324 201 1385 ad
216 1323 334 1408 Quom.
351 1322 429 1384 hist.
445 1344 515 1406 cap.
528 1327 580 1390 51.
602 1325 728 1383 Rnrrz.

139 1409 217 1472 Eat.
233 1415 254 1474 1.
267 1416 297 1476 9.
318 1405 419 1485 Ἐίπὶς
428 1415 485 1472 τοῦ
495 1405 621 1492 φόβου)
646 1407 742 1471 conf.
758 1406 854 1491 hujus
868 1407 956 1474 Dite.
972 1430 999 1477 c.
1013 1418 1045 1479 8.
1059 1423 1093 1470 et
1106 1416 1156 1479 18.

56 1495 149 1558 Adde
162 1494 294 1576 Thucyd.
309 1494 384 1555 VII.
397 1515 423 1558 c.
434 1501 485 1562 61.
502 1494 612 1576 (quem
629 1490 811 1563 adeundum
825 1492 993 1557 Hemsterd.
1011 1494 1046 1554 in
1059 1502 1159 1581 uiprg.

58 1578 288 1665 admonuerat)
310 1576 367 1639 ubi
381 1576 438 1661 τὴν
454 1580 558 1642 ἐλπίδα
572 1584 630 1642 τοῦ
645 1572 749 1660 φόβου
765 1577 915 1640 similiter
930 1578 1071 1658 dictum,
1093 1582 1160 1641 alio

61 1663 196 1749 Thucyd.
212 1664 402 1727 testimonio
417 1662 455 1725 ab
470 1663 597 1742 Waceia
622 1661 686 1724 hoo
701 1662 774 1744 ipso
791 1683 868 1726 vero
882 1663 1017 1737 Luciam
1029 1667 1104 1727 ioco
1121 1663 1161 1727 ab

58 1751 175 1814 Παίονα
192 1748 408 1811 confirmatur.
431 1749 573 1810 Rura·
648 1796 653 1803 .
856 1794 861 1805 ‚
897 1789 902 1797 .

144 1833 224 1896 Eud.
236 1839 260 1907 1.
275 1841 325 1900 11.
349 1834 539 1916 Χρωμίναα)
559 1832 689 1896 Retulit
703 1832 855 1894 librarius
876 1830 916 1893 ad
929 1838 1162 1917 συαοφαντρῦν-

60 1947 123 1997 τος.
167 1918 231 1982 Sed
250 1938 319 1981 ease
340 1916 433 1979 debet
452 1918 653 1982 accusativue
673 1922 805 2002 junctus
825 1915 957 1980 infinito
974 1915 1161 2002 ίποστερείν.

63 2009 167 2090 Quam
181 2025 319 2087 pronum
335 2000 436 2063 fuerit
448 2027 468 2067 α
482 2016 605 2066 nutare
619 2005 655 2064 iu
666 2027 705 2077 a,
719 2016 864 2084 apparet.
888 2002 993 2065 Grau.
1038 2000 1163 2090 Χρῶμε-

60 2117 116 2158 νον
131 2090 167 2150 iu
175 2091 265 2153 Gorl.
280 2107 376 2170 supra
390 2086 543 2169 scriptum
557 2102 606 2150 est
618 2087 765 2150 exhibita
778 2087 813 2146 in
827 2100 920 2148 textu
933 2087 1075 2152 lectione
1087 2114 1164 2174 χρω·

62 2179 167 2260 μένου.
221 2174 314 2258 Quae
334 2192 406 2233 cum
428 2172 601 2235 manifesto
624 2195 696 2233 cum
719 2170 847 2256 legibue
867 2171 999 2257 liuguae
1020 2187 1165 2261 pugnet,

67 2261 187 2325 Germa*
201 2258 381 2322 tententiae
395 2254 610 2320 accedendum
623 2258 748 2340 putavi.
770 2257 891 2319 Lanu.
1150 2258 1153 2263 '

149 2344 227 2407 Εαιί.
241 2347 263 2406 1.
279 2349 330 2414 15.
354 2346 399 2409 Εί
411 2369 457 2420 τις
479 2337 571 2420 αὐτὸς
587 2337 779 2422 ἀπέκτεινεν,
803 2337 826 2424 ἢ
841 2344 872 2406 εί
889 2369 937 2422 τις
948 2342 989 2427 μὴ
1004 2340 1097 2422 αὐτὸς
1111 2343 1167 2429 piu
1239 2346 1248 2363 ⁹

66 2428 233 2510 iniuratus,
257 2430 334 2514 μηδὲ
345 2434 384 2515 τῇ
400 2429 476 2513 χειρί
488 2430 595 2520 ἔδρασε
608 2428 642 2495 td
659 2430 763 2514 ἔργον,
785 2422 941 2534 ἠνάγκασε
955 2431 1003 2508 di,
1026 2432 1079 2496 καί
1091 2456 1168 2512 παρ·

66 2520 148 2599 ἔσχεν
163 2511 309 2599 ἀφορμὴν
324 2521 382 2580 τοῦ
395 2511 511 2595 φόνου,
534 2512 571 2578 τὰ
585 2517 637 2588 ica
651 2516 702 2578 uui
715 2517 824 2578 τοῦτον
838 2516 922 2589 αξιοῖ
937 2508 953 2581 ὅ
966 2512 1061 2598 νόμος
1075 2510 1170 2581 odedu

67 2597 335 2674 ἀντικολάζεσθαι,
359 2597 439 2679 μάλα
453 2600 585 2673 δικαίας.
610 2592 647 2662 οὗ
662 2594 719 2682 γὰρ
737 2594 877 2680 ἐβούλετο
889 2607 946 2664 coci
956 2601 1170 2684 πεπραγμένου

67 2688 136 2750 ἴσον
152 2688 310 2769 γίγνεσθαι
324 2679 358 2746 cd
369 2688 424 2763 τῆς
439 2679 562 2768 ἀδείας)
582 2682 745 2744 Vertitur:
769 2680 806 2742 St·
817 2685 884 2766 quic
896 2686 959 2767 ipse
972 2683 1094 2762 occidit,
1116 2701 1170 2747 out

69 2776 96 2833 si
117 2792 177 2831 non
195 2771 256 2851 ipse
276 2765 394 2851 quidem
414 2765 541 2842 accidit,
569 2790 661 2849 neque
681 2788 772 2828 manu
806 2770 910 2829 adnue
923 2770 1049 2851 peregit,
1070 2792 1171 2831 venun

73 2852 232 2937 compulit,
252 2851 443 2936 praebuitque
454 2852 559 2912 mortio
570 2853 762 2915 occasionem.
849 2856 942 2935 a'equo
959 2868 987 2913 et
998 2852 1077 2917 hunc
1090 2878 1172 2939 quo·-

231 2941 238 2956 ‘
260 2942 267 2955 ·
381 2939 387 2953 ’
759 2939 766 2953 ·
861 2940 868 2953 “
987 2939 994 2955 ’
1270 2948 1278 2977 e

72 2937 285 3087 Ξῖἰῑῗίίὲίί
296 2937 390 3112 §iit
399 2934 1082 3085 tttsstltiftsstt..“³1t';‘.¹¹;'.‘..⁰t‘.‘'”fl.2'.
1094 2938 1175 3084 iit}
1205 3018 1211 3025 ·

72 3109 187 3169 ultima
199 3108 292 3170 reddi
310 3106 420 3184 vides,
447 3104 622 3169 Audaciam
643 3108 721 3166 enim
729 3104 824 3193 facto
844 3107 943 3167 minuc
961 3104 1176 3169 ualerenoluit.

75 3193 142 3255 Ubi
159 3193 223 3254 hoc
239 3195 273 3253 in
288 3187 446 3254 Graecia?
477 3192 614 3256 Auioou
652 3194 790 3275 ίγνεσθαι
806 3188 1177 3274 significatminusucie-

75 3277 133 3343 re?
164 3284 283 3360 Λῆοοι,
304 3284 402 3361 λῆροι.
447 3217 663 3358 Explodendc
703 3295 812 3358 uoque
836 3275 995 3336 correctio
1016 3275 1174 3353 Maraiiii,

75 3384 135 3445 pro
152 3360 190 3429 od
204 3360 262 3448 γὰρ
273 3362 410 3447 legenti·
424 3362 477 3427 uui
491 3357 559 3446 poio.
582 3357 679 3423 Nihil
716 3359 748 3418 ic
762 3359 992 3422 intellexeruut
1006 3358 1086 3420 boni
1101 3360 1175 3425 viti.

73 3447 113 3508 ld
128 3453 200 3510 vult
214 3443 450 3527 Tyrannicidae
474 3443 554 3506 duas
573 3465 642 3507 eote
656 3440 764 3506 caedit
779 3462 921 3521 caucana,
944 3442 1071 3528 legibue
1086 3464 1179 3526 pree·

75 3530 202 3606 finitao3
229 3531 347 3615 siquis
367 3535 421 3592 vel
440 3529 510 3613 ipae
526 3527 697 3607 occiderit,
721 3532 774 3590 vel
796 3548 863 3589 non
880 3527 951 3610 ipee
967 3526 1097 3609 quidem
1117 3548 1177 3590 oua

75 3638 193 3695 manu,
215 3613 271 3679 aed
284 3614 445 3699 codgerit,
457 3614 644 3697 ¹mortieque
661 3612 864 3676 occationem
885 3611 1080 3693 praebuerit.
1123 3614 1179 3677 Ex

75 3722 179 3785 aequo
202 3715 237 3764 et
254 3699 343 3760 hunc
366 3719 497 3782 quoque
512 3698 641 3781 puniri,
667 3717 794 3760 censere
807 3701 928 3780 legem:
950 3709 983 3758 et
998 3695 1129 3780 quidem
1142 3696 1179 3760 id

76 3789 148 3867 jure
161 3805 290 3848 censere
302 3786 415 3867 legem.
459 3784 562 3868 Neque
574 3786 651 3847 enim
662 3780 741 3867 (per
763 3780 791 3842 it
805 3782 872 3858 ille,
895 3799 976 3862 quae
990 3781 1037 3841 ite
1052 3797 1180 3845 verten-

78 3867 119 3930 da
134 3869 232 3955 eunt)
253 3868 347 3933 uoluit
368 3871 437 3947 lex,
458 3871 536 3952 ejus,
561 3872 614 3953 qui
631 3802 805 3929 tantundem
827 3867 1019 3943 commiserit,
1042 3890 1102 3930 esee
1115 3872 1181 3930 im-

76 3958 259 4037 punitaem,-
293 3953 356 4015 hoc
378 3967 443 4033 cot,
473 3953 582 4014 noluit
604 3957 675 4032 lex,
705 3949 741 4011 id
767 3948 927 4031 impunite
952 3948 1038 4012 abire
1059 3951 1176 4028 alicui,

78 4035 247 4118 quiplnne
271 4037 322 4117 id,
346 4037 435 4123 quod
453 4034 628 4100 necandum
648 4039 736 4121 leget
757 4034 854 4098 etiam
877 4031 990 4095 caedet
1012 4048 1175 4113 certetur,

75 4123 319 4203 perpetraverit.
367 4121 407 4192 ro*
423 4129 478 4207 τῆς
496 4118 619 4203 ἀδείας,
635 4142 703 4223 peu
722 4115 882 4204 loquendi
895 4116 1028 4185 Graecia
1048 4117 1178 4184 tritieti·

10 4420 12 4425 Ι
35 4424 39 4431 Ι
78 4468 82 4475 Ι
311 4420 315 4427 Ι
331 4422 345 4459 ι.
380 4412 383 4417 Ι
609 4446 615 4455 r

59 4590 102 4625 57:21.
132 4586 236 4625 ,Ἄκη-ἰ
246 4588 263 4625 1.·
