2634 4680
197 265 274 335 714
447 270 626 325 scurrus
654 275 703 323 rr
729 276 986 331 enumerans.

196 435 267 511 Peg.
288 434 339 499 66.
362 428 384 487 1.
401 430 450 493 12.
471 428 656 505 πεπρᾶχθαι.
697 425 747 483 Sic
762 437 931 499 correctum
944 439 1007 509 eat,
1030 434 1124 515 quod
1136 436 1239 519 vulga-
1266 461 1270 507 ⁴.

359 513 469 583 batur,
490 505 671 590 πιπράχθαι.

214 635 259 651 ...
288 604 339 665 77.
360 597 427 661 13.
448 614 505 674 pro
522 590 749 672 ιιακαλυμμὲνον
764 595 823 675 leg.
838 604 942 665 ιιιιιαλ.

213 720 258 737 ..-
285 685 336 751 85.
358 682 381 740 l.
398 684 428 745 6.
450 699 507 759 pro
523 702 559 742 ον
572 679 632 754 leg.
649 672 693 740 οὗ.
1105 706 1108 711 ·

213 804 257 821 -
284 774 336 836 87.
357 768 377 829 1.
393 770 423 829 9.
447 767 554 838 δῦναι,
576 762 660 841 qued
678 760 870 847 Dindofius,
894 768 1089 833 doctissimus
1115 773 1238 853 amicus,

356 870 405 911 me
424 847 537 922 invito,
568 848 617 905 adi
638 848 774 923 curavit,
801 870 935 911 necnon
952 856 1063 933 proba.
1110 860 1239 921 Infiniti-

356 956 430 994 vum
446 954 523 1006 esse,
545 951 632 990 nemo
646 930 772 991 dubitet.
799 934 843 995 De
858 938 1005 1017 Tempore
1019 946 1236 1021 quaerebatur.

355 1020 421 1079 Jam
438 1037 508 1076 vcro
532 1009 630 1079 δύναι’
642 1016 809 1077 infinitivus
831 1023 1055 1085 estPraesentis
1075 1030 1147 1109 (cf.
1166 1034 1238 1095 δειν-

356 1100 465 1177 νύναι,
502 1097 683 1183 σβεννύναι,
718 1098 879 1185 ζευγνύναι
901 1109 979 1185 etc.)
1006 1113 1104 1177 δῦναι
1124 1116 1238 1177 Aon‘rti

355 1186 409 1269 (cf.
424 1190 540 1265 στῆναι,
553 1192 654 1250 θεῖναι
670 1190 754 1264 ete).
774 1190 868 1267 Atqui
882 1186 981 1270 δύναι,
996 1215 1089 1273 quam
1107 1196 1235 1261 fornum
1267 1237 1270 1243 ·

354 1283 429 1333 vett.
452 1270 531 1333 Edd.
553 1283 730 1348 servanmt,
755 1282 841 1335 recte
852 1274 988 1337 habeth.
1001 1280 1023 1340 l.
1068 1284 1158 1365 Ergo
1177 1306 1236 1347 nou

355 1367 420 1418 crat
432 1356 617 1415 mutandum.

210 1472 256 1497 ...
281 1450 334 1511 90.
356 1444 377 1502 l.
394 1450 443 1509 13.
465 1461 522 1521 pra
538 1442 693 1504 διεκδῦναι
706 1440 765 1519 leg·
781 1440 944 1507 διιιιδῦναι.
966 1446 1005 1507 cf.
1020 1468 1048 1513 e.
1065 1456 1121 1519 63.

209 1566 253 1581 .-
279 1536 331 1597 96,
354 1529 374 1590 Ι,
392 1532 442 1592 10.
464 1529 557 1585 Recte
582 1527 673 1585 scribi
702 1522 782 1607 αὔρα
805 1542 988 1593 monuerunt
1007 1532 1168 1621 δοήαῲν,
1197 1540 1234 1601 ,d

353 1612 454 1693 Long.
481 1632 514 1691 p.
535 1617 608 1677 378.
630 1622 660 1670 at
680 1609 807 1672 Person.
833 1614 872 1672 ad
890 1612 994 1697 Eurip.
1014 1618 1136 1681 Hecub.
1158 1630 1231 1691 442.

353 1695 502 1779 (Herm.)
522 1696 709 1775 Quamquam
719 1696 818 1755 nostri
828 1697 899 1758 libri
909 1700 943 1759 in
958 1706 1172 1783 compluribus
1185 1710 1233 1769 lo-

355 1784 417 1857 cis,
447 1790 484 1841 ut
503 1781 573 1843 Ver.
594 1783 670 1841 Hist.
691 1782 735 1856 11,
755 1784 785 1849 6.
799 1782 900 1845 Amor.
917 1804 944 1843 c.
960 1792 990 1853 6.
1004 1796 1036 1848 et
1051 1796 1102 1857 12,-
1115 1792 1228 1855 othl.

355 1876 526 1927 constanter
536 1876 640 1926 tenent
654 1869 834 1945 scripturam
850 1858 929 1949 αὖρα
942 1880 973 1929 at
984 1862 1091 1958 αὖραι.

208 1992 252 2007 ...
282 1960 353 2023 148.
374 1954 394 2016 l.
413 1960 442 2019 7.
465 1952 523 2012 del.
539 1974 654 2011 comma
666 1952 953 2035 Ροι1ιιροςγὲνοιτο.

207 2076 251 2093 ...
281 2042 353 2109 155.
375 2039 395 2101 l.
412 2044 443 2103 9.
459 2035 796 2181 11ε3.δύναιΡνοδῦναι.
839 2038 906 2098 vid.
920 2060 1011 2121 supra
1023 2042 1177 2109 Addauda
1189 2048 1228 2109 ad

207 2245 251 2260 -
281 2216 352 2277 168.
374 2211 394 2273 l.
408 2214 439 2273 9.
459 2204 710 2284 cctveuvaicaau
724 2218 760 2267 ut
772 2205 887 2269 variam
906 2210 1068 2275 lectionem
1079 2218 1226 2299 proponit

355 2292 487 2365 Gailiua,
509 2292 561 2351 sed
572 2293 797 2351 mendosissime
810 2302 891 2353 certe
903 2295 1057 2377 scriptam.
1136 2326 1139 2331 ·

207 2413 249 2424 -
281 2381 351 2444 175.
372 2379 394 2435 1.
410 2380 439 2443 5.
463 2377 580 2455 ἑταίρας
593 2398 649 2436 nec
667 2374 769 2437 Gailic
783 2378 911 2455 placuit.

206 2496 248 2513 .-
278 2470 348 2530 177.
368 2464 390 2522 1.
407 2468 436 2527 7.
455 2460 591 2539 stupidae
609 2463 716 2537 (scrib.
733 2462 886 2541 θυμηδὲς)
907 2466 997 2527 etiam
1013 2464 1093 2529 Gaii.
1110 2490 1151 2531 ax
1162 2470 1223 2535 Ma.

350 2548 483 2628 quodam
494 2546 608 2626 (2956.
624 2570 672 2627 ap.
685 2544 751 2605 Bel.
765 2550 776 2619 )
790 2568 846 2625 pro
859 2550 943 2609 varia
964 2552 1094 2615 lecticae
1117 2556 1226 2635 affert,

345 2642 483 2692 vertens:
505 2655 538 2691 ce
571 2628 828 2717 uiflattel'csprit.
976 2656 980 2663 ·

181 2718 255 2781 aad.
269 2718 291 2779 l.
307 2724 336 2785 8.
359 2713 526 2782 inciacum
538 2738 594 2799 qv·
619 2714 659 2797 μὴ
679 2749 723 2761 -
743 2717 918 2799 ἐπινοῆσαι,
946 2722 1025 2783 utin
1046 2720 1146 2787 Salm-
1166 2726 1208 2787 ali

344 2805 430 2884 isque
441 2804 520 2863 Edd.
532 2804 688 2881 rescripsit
704 2798 784 2863 Geel.

203 2924 244 2935 -
275 2892 345 2954 184.
367 2891 388 2951 l.
404 2897 435 2956 3.
458 2896 565 2967 θυμοῦ
577 2888 700 2949 retinuit
717 2884 798 2947 Gail.

199 3006 243 3021 -
274 2968 345 3041 188.
368 2974 389 3033 1.
403 2981 433 3040 4.
457 2974 563 3055 (Vaar.
577 2974 692 3047 Lectt.)
716 2972 772 3049 leg.
790 2974 923 3057 φροιμίῳ
934 2996 994 3055 pro
1009 2978 1173 3063 φροιρὼυ.

199 3091 243 3105 -
272 3064 344 3125 191.
366 3059 387 3123 l.
404 3067 451 3125 11.
474 3060 582 3140 (Vera.
597 3060 657 3118 col.
674 3056 728 3137 1.)
742 3076 801 3143 pro
817 3056 865 3119 At
879 3059 937 3139 leg.
953 3054 1022 3123 Ad.

592 3382 799 3404 m
