2634 4680
303 313 904 365 runsnaronrnnu.
1077 291 1154 368 507
1278 316 1281 323 ·

62 462 126 522 hoc
141 460 270 522 nomine
292 460 427 522 maxime
449 460 691 542 reprehendisse
711 461 924 536 Arcesilaum,
947 457 1035 542 quod
1049 459 1076 519 is
1091 481 1154 538 po-

61 551 187 624 pulares
205 549 334 624 plausus
351 566 416 606 non
437 546 531 605 aliter
554 560 806 623 consectaretur,
830 558 928 628 atque
947 557 1067 605 noctua
1082 547 1155 624 ita-2

62 630 175 710 quenti
187 628 297 690 evium
313 643 477 690 conventu
490 627 596 690 claudi
613 630 791 692 cousuevit.
992 692 996 700 ¹

224 712 313 774 Haeo
326 717 387 788 nit,
410 729 437 774 et
453 712 569 774 turbam
583 712 692 774 dextra
707 713 1037 801 laevaquesrequentem

224 795 407 878 ingreditur,
431 796 563 859 volucres
576 797 675 858 ululas
689 802 835 858 mirantur
849 803 979 880 ineptae,

223 878 287 941 Illa
302 897 396 961 stupet
409 880 557 961 solidum
578 881 630 941 sed
641 899 673 942 tu
683 885 854 959 vanissime,
874 881 970 964 piebis
1092 910 1099 923 ·

225 963 384 1046 Captatur,
407 965 480 1047 quid
496 966 690 1027 obtentam
704 991 763 1027 non
775 965 933 1048 praeclara
950 968 1105 1050 superbis?

59 1050 113 1110 sie
136 1048 319 1130 Apologum
339 1051 421 1131 sing,
444 1046 584 1110 Politian.
607 1049 643 1109 iu
665 1072 721 1110 sua
742 1053 854 1111 Lamia
875 1053 1020 1132 exponit.
1043 1055 1154 1116 Coos.

56 1136 140 1196 Aves
155 1137 236 1193 circa
247 1147 394 1196 noctuam.
440 1134 570 1194 Caetera
584 1135 669 1196 enim
687 1150 763 1194 sunt
777 1135 1153 1216 iuterpretir,-nou›Lu·

57 1219 155 1277 ciani.
181 1219 251 1286 ‚De
272 1216 335 1276 hoo
359 1238 449 1294 prov.
470 1221 598 1279 Aristar.
617 1219 719 1280 Lairt.
741 1220 801 1280 Dio
818 1218 1055 1304 Chrysostomus,
1082 1222 1152 1285 alii.

57 1303 193 1361 Bonan.
237 1299 310 1359 vid.
331 1300 450 1364 Aelinn.
469 1300 507 1364 de
522 1304 629 1366 Anim.
644 1305 678 1376 I,
695 1311 744 1370 29.
769 1308 897 1366 Some.
944 1303 1041 1365 Conf.
1058 1307 1150 1368 Dion.

61 1386 206 1468 Cir-yson.
219 1385 381 1444 laudatum
396 1406 414 1444 a
427 1385 544 1464 Belino,
556 1387 645 1450 Orat.
659 1389 736 1450 XII.
750 1411 782 1470 p·
796 1396 869 1456 370.
882 1385 933 1450 ed.
947 1388 1057 1454 Reisk.
1079 1391 1151 1453 Bu.

145 1469 224 1530 ibid.
254 1467 294 1532 Tei
310 1467 418 1551 ὄρνεα)
441 1473 565 1549 Saltus,
595 1493 688 1554 quem
706 1472 880 1553 typotheta
904 1472 939 1532 in
954 1471 1034 1536 June.
1051 1473 1151 1551 fecit,

58 1551 187 1613 videtur
203 1568 296 1613 natus
315 1575 331 1613 a
349 1555 561 1617 similitudine
576 1558 810 1617 terminationis
827 1558 861 1616 iu
877 1582 926 1621 κα.
969 1558 1058 1618 Hinc
1069 1557 1168 1618 reli-·

59 1657 122 1718 qua
138 1660 154 1697 a
172 1646 284 1721 γλαῦκα
298 1658 399 1718 usque
415 1639 453 1700 ad
468 1641 623 1722 πεπόνηκα
639 1641 755 1706 omisit.
778 1643 901 1701 Remu.

141 1722 220 1784 Ibid.
261 1719 351 1786 Ταῦτ’
373 1718 481 1788 ἔστιδ’
503 1721 579 1806 dinen
604 1718 769 1806 η’νξάμην)
804 1726 894 1811 Lege
915 1725 961 1791 δι’
986 1722 1062 1809 iintp
1081 1720 1174 1807 tivi„

56 1806 218 1869 Mancrn.
240 1806 285 1865 At
298 1805 377 1866 illud
394 1805 437 1870 δι’
451 1829 510 1892 ego
525 1813 587 1888 jam
603 1809 636 1866 in
652 1808 734 1873 Edd.
749 1810 871 1893 antiqq.
887 1811 1002 1894 reperi.
1025 1814 1150 1873 Retro.
1254 1836 1257 1843 ¹

141 1891 215 1974 Peg.
237 1897 307 1958 144.
323 1895 343 1955 l.
359 1899 388 1959 8.
412 1891 584 1976 Μαρσύας)
607 1893 683 1957 Vid.
697 1895 781 1954 infra
798 1891 920 1955 advers.
935 1894 1058 1956 induat.
1074 1917 1103 1960 a.
1117 1900 1150 1965 5.

56 1976 182 2034 Rerrz.

56 2142 77 2202 S
142 2059 221 2124 Idid.
237 2059 417 2146 Ὄλυμπος)
438 2061 536 2122 Hune
552 2060 665 2124 iterum
682 2060 827 2123 nominat
843 2063 913 2128 adv.
932 2061 1061 2125 Indoct.
1076 2085 1104 2128 c.
1117 2068 1150 2134 6.

84 2164 184 2212 onas,

142 2228 219 2294 Eud.
234 2237 256 2296 l.
272 2241 302 2301 4·
335 2229 434 2300 Οὐδὲν·
453 2229 533 2314 γᾶρ)
567 2239 627 2312 Τῆς
647 2228 860 2313 λανθανούσης
879 2240 1029 2316 μουσικῆς
1050 2229 1153 2310 οὐδεὶς

57 2306 155 2397 λόγος.
199 2317 275 2383 Vid.
291 2319 424 2394 interpr.
441 2317 536 2379 Persii
549 2316 587 2376 ad
605 2318 670 2379 Sat.
689 2312 718 2383 1¹.
741 2317 877 2379 Bounn.
1176 2366 1179 2371 ⁴

147 2399 224 2467 ibid.
253 2405 351 2482 Φασὶ)
373 2402 526 2463 Meminit
548 2400 644 2483 hujus
667 2400 831 2483 proverbii
853 2401 966 2463 Gellius
978 2403 1150 2481 x111,3o.
1247 2414 1251 2421 '

57 2483 185 2549 Vonsr.
229 2487 321 2549 Adde
336 2487 481 2568 etEurip.
498 2485 589 2555 Mad.
603 2494 676 2554 542.
719 2487 799 2546 Item
817 2486 997 2550 Suetonium.
1020 2489 1150 2552 Sonent.

144 2571 222 2632 Ilici.
242 2567 397 2650 Ἀφανοῦς
418 2577 472 2650 τῆς
490 2570 658 2652 μουσικῆς)
691 2571 797 2650 Hujus
817 2570 925 2654 adagii
949 2592 1060 2632 sensus
1080 2587 1151 2648 est,

59 2656 188 2736 quasvis
206 2658 347 2737 egregias
362 2656 452 2715 dotes
467 2653 611 2734 ingenii,
635 2655 662 2714 si
687 2674 752 2713 nou
768 2655 930 2731 proleras,
953 2654 1087 2737 perinde
1103 2677 1152 2716 et·

57 2761 111 2806 se,
136 2741 227 2819 quasi
244 2761 308 2798 non
328 2738 456 2799 habeas.
501 2738 579 2802 Suet.
598 2738 634 2796 in
655 2736 732 2799 Ner.
761 2735 837 2798 Geli.
863 2744 1018 2820 cap.·ult.
1036 2741 1076 2801 L.
1100 2747 1152 2810 18.

60 2823 281 2905 Ouid,(immo
298 2823 359 2886 ῙΙ“Ι.
377 2823 447 2883 Art.
465 2843 523 2882 am.
538 2821 634 2906 399.)
992 2874 996 2880 .
1049 2876 1053 2882 .
1210 2811 1215 2827 ¹

223 2910 271 2968 Tu
286 2905 353 2968 licet
367 2924 394 2967 et
411 2907 590 2988 Thamyram
604 2922 817 2991 superantque
836 2906 953 2989 Orphea
966 2924 1073 2985 eante,

258 2992 328 3052 Non
342 2996 396 3051 erit
411 2995 528 3073 ignotae
537 2995 639 3072 gratia
652 3015 761 3072 magna
776 2992 867 3076 lyrae.
892 2992 941 3052 Co
947 3013 1000 3056 eu.

145 3077 219 3158 Pag,
237 3083 306 3143 145.
325 3079 346 3138 1.
361 3083 391 3143 4.
416 3077 498 3154 Καὶ)
526 3077 582 3137 W.
601 3080 688 3136 solus
709 3076 804 3138 habet
826 3074 906 3135 illud
930 3079 1077 3141 uniente
1098 3071 1152 3142 ἐπ’

59 3157 226 3242 οἷμφὸτερα.
257 3162 381 3225 Sonare,
427 3158 559 3221 Codicis
583 3161 805 3221 auctoritatem
825 3182 891 3220 nou
914 3159 1153 3241 despiciendam
1277 3200 1283 3209 -

58 3246 148 3307 duxi.
193 3243 348 3329 Alioquin
361 3245 455 3306 etiam
470 3244 578 3306 abesse
592 3259 719 3326 poterat
733 3250 869 3326 copula,
893 3244 981 3328 quod
1003 3243 1088 3305 haud
1102 3265 1153 3304 ra·

58 3353 94 3389 ro
114 3331 146 3389 in
165 3329 214 3389 his
232 3350 362 3413 quoque
376 3329 504 3412 scriptis
519 3330 638 3391 factum
655 3327 868 3412 deprehendi,
891 3344 929 3391 ut
942 3349 1018 3389 mox
1036 3348 1105 3411 cap.
1120 3338 1153 3398 3.

56 3415 130 3475 init.
153 3417 269 3476 Larrrn.

141 3499 222 3561 Ibid.
242 3491 312 3562 ’En'
331 3491 487 3581 ἆμφᾶτερα
502 3498 621 3584 πιστοὶ)
642 3499 832 3574 Benedictus,
854 3514 1003 3581 spectatae
1017 3500 1153 3582 utrinque
1196 3553 1199 3559 .

50 3583 138 3667 fidei.
181 3583 269 3667 Quid
286 3584 502 3660 intellexerit,
527 3586 596 3667 ipse
621 3585 758 3645 viderit:
783 3597 867 3644 certe
889 3602 1090 3664 nequaquam
1110 3580 1152 3642 ad

61 3670 190 3732 Graeca.
238 3668 404 3749 Obsopoous
414 3714 424 3744 ,
448 3692 571 3752 quorum
582 3669 664 3753 fides
687 3673 719 3728 in
737 3686 860 3752 utraque
868 3667 999 3752 fortuna
1019 3681 1152 3748 spectata

58 3757 107 3814 sit.
152 3752 404 3812 Absurdissime:
427 3774 486 3811 uec
505 3753 588 3813 enim
609 3753 672 3812 huc
687 3751 816 3812 adversa
831 3756 883 3812 vel
900 3748 1040 3818 secunda
1058 3748 1152 3831 quid.
1201 3813 1206 3822 ¹

60 3857 153 3913 qnam
171 3838 304 3897 faciunt.
347 3837 448 3896 immo
464 3837 505 3896 ad
519 3854 687 3919 utrumque,
713 3841 765 3897 vel
780 3840 812 3896 in
827 3852 966 3919 utroque,
989 3855 1103 3916 nempe
1116 3848 1152 3904 et

58 3921 319 4000 reprehendendo
337 3937 369 3980 et
386 3921 602 4002 approbando.
626 3923 737 3981 Goon.
800 3956 803 3963 ·

143 4005 217 4064 End.
234 4009 255 4064 1.
269 4009 300 4072 5.
324 3999 574 4077 Ἐπαινὲσονται)
607 4005 672 4064 Ubi
699 4005 852 4087 legimus,
888 4007 917 4072 si
934 3999 1053 4079 initote
1072 4005 1153 4089 oqui

59 4091 219 4167 ἐπιδείξαιο
231 4085 267 4157 ni
281 4085 455 4174 αὐλήματα,
477 4093 529 4160 καὶ
544 4082 631 4159 οὗτοι
652 4092 858 4166 ἐπαινέσονταί
872 4112 921 4171 οε,
951 4086 1064 4163 ἅπασιν
1073 4087 1151 4161 ‘'et.
