2634 4680
270 259 513 379 κτεινόμενοι
539 298 621 349 siva
646 299 697 347 na
722 299 854 352 seems.
1034 287 1084 359 89
1113 288 1116 301 '

130 451 235 514 EPM.
264 448 353 521 Τίνος
366 441 496 524 τούτους
555 432 560 440 „
1092 467 1121 520 ρ.
1129 456 1191 518 805.

130 553 231 631 AYK.
261 552 410 629 Κριτικῆς
434 572 533 623 τινος,
572 538 599 611 oi
624 544 796 629 θαυμύσιε,
825 550 876 614 καλ
902 549 1088 632 ἐξεταστικῆς
1226 574 1231 582 ·
1267 544 1281 578 “”

45 656 259 732 παρασκευῆς,
279 651 329 714 καλ
345 656 405 714 voti
420 641 522 726 ὀξέος,
546 649 598 711 καί
613 653 750 725 διανοίας
770 644 935 735 νἰκριβοιῖς,
959 653 1010 716 καί
1022 649 1088 716 ύδε·
1136 678 1143 707 1

49 749 183 824 κτίστου,
208 754 276 817 οίαν
288 752 342 834 χρὴ
361 748 439 817 εἶναι
459 748 517 831 τήν
531 752 674 834 περλτοῖν
693 750 874 834 τηλικούτων
891 750 1089 819 δικοίσουσαν·

17 866 27 883 “
50 850 74 935 ἢ
84 850 182 937 μύτιρν
198 847 237 917 lv
251 849 368 917 ἅπαντα
388 853 542 935 ἑωραμένα
558 855 613 933 clu.
642 847 809 920 οίποδοτέον
824 845 898 932 ούν,
921 863 1015 937 φησι,
1037 858 1091 921 καλ

50 961 92 1043 τῷ
103 952 230 1040 τοιούτῳ
245 952 358 1037 χρόνον
372 948 429 1018 ούκ
442 947 544 1038 ὀλίγον
548 999 559 1031 ,
582 955 635 1019 καί
647 958 837 1039 προθέμενον
852 954 970 1022 ἅπαντα
984 961 1026 1032 εἰς
1041 959 1091 1040 μέ-

51 1078 125 1135 σον,
160 1061 314 1140 αἱρεῖσθαι
347 1055 556 1136 διαμέλλοντα,
587 1058 639 1121 καί
664 1059 870 1143 βραδύνοντα,
903 1056 1090 1143 πολλάκιςῒ)

50 1163 286 1229 ἐπισκοποῦντα·
307 1152 380 1239 μήτε
393 1151 512 1238 ἡλικίαν
528 1154 585 1224 τοῦ
598 1160 736 1244 λέγοντος
756 1156 902 1237 έκύστου,
924 1159 997 1242 μήτε
1014 1168 1093 1243 σχῆ-

50 1289 110 1346 μα,
131 1259 154 1346 ἢ
169 1260 261 1342 δόξαν
277 1261 326 1326 ἐπὶ
338 1264 433 1345 σοφίῳ
446 1256 645 1341 αἰδούμενον,
663 1255 739 1325 oillei
749 1258 825 1325 κατολ
837 1257 909 1335 τούς
921 1258 1093 1346 Ἀρεοπαγί·

52 1391 107 1442 τας
119 1360 194 1432 αύτδ
207 1370 354 1431 ποιοῦντα
368 1363 425 1442 ⁴),
448 1366 480 1428 οἳ
500 1365 532 1427 ἐν
549 1365 636 1428 νοιιτλ
654 1365 706 1437 καὶ
720 1362 819 1449 σκότῳ
839 1360 1027 1444 δικάζουσιν,
1051 1361 1220 1442 dapem.-
1307 1361 1312 1374 '

54 1465 97 1551 μή
121 1468 154 1542 ἐς
171 1463 242 1541 τούς
260 1466 414 1550 λέγοντας,
437 1458 502 1528 ἄλλ’
522 1466 553 1540 ἐς
573 1462 610 1529 τοί
632 1463 775 1549 λεγόμενοι
798 1464 994 1549 ἀποβλέποιεν
1004 1489 1016 1506 ··
1043 1469 1096 1534 καλ

54 1565 118 1636 τότ’
132 1564 194 1650 ἤδη
208 1569 320 1644 ἐξέσται
336 1589 386 1631 σοι
399 1571 529 1651 βεβαίως
549 1569 678 1649 ἑλομένῳ
693 1572 727 1646 ¹¹)
752 1576 947 1650 φιλοσοφεῖν.
1048 1652 1052 1657 ,
1200 1564 1202 1570 ¹

141 1675 247 1734 EPM·
272 1668 361 1735 Μετύ
374 1666 427 1734 τδν
442 1673 512 1752 βίον
525 1667 598 1755 φῄς.
621 1667 724 1754 ἐκγολρ
738 1665 870 1748 τούτοιν,
895 1664 1023 1747 ούδενύς
1043 1669 1096 1736 aiv·
1115 1721 1118 1725 -
1175 1707 1180 1719 =

57 1767 195 1856 δρύινον
208 1773 275 1855 βίος
288 1773 471 1860 ἐξαρκέσειεν
486 1766 525 1835 civ
540 1768 581 1844 οῖς
594 1773 643 1835 ent
656 1766 754 1835 πάντα
769 1774 803 1848 ¹)
827 1774 941 1851 ἐλθεῖν,
962 1774 1013 1838 καλ
1026 1774 1097 1838 ἕκα-

59 1895 133 1942 στον
153 1868 286 1958 ύκριβοῖς
304 1873 416 1936 ἐπιδεῖν
430 1875 479 1950 ³),
500 1872 553 1935 κοιλ
578 1867 722 1936 ἐπιδόντα
742 1877 860 1951 κρῖναι,
883 1877 934 1939 καὶ
953 1876 1098 1958 κρίναντα

126 2051 275 2121 vulgatam
287 2055 401 2102 servant
415 2055 537 2115 ceterae,
554 2046 623 2099 item
637 2044 717 2099 codd.
730 2048 773 2099 Μ.
788 2055 817 2099 et
831 2048 885 2102 P.“
924 2049 956 2116 t)
974 2069 1016 2105 ιιο
1025 2022 1100 2107 λλά.

128 2125 207 2183 αις]
225 2119 273 2172 καί
285 2121 362 2172 πολλ.
377 2134 457 2185 5011,
470 2117 557 2168 Belin.
570 2117 657 2167 Seiam.
693 2118 728 2167 At
741 2116 812 2168 bena
826 2119 903 2170 abest
916 2121 1036 2188 copula..
1045 2123 1101 2174 Ex-

81 2248 91 2259 ,
128 2190 254 2262 plicatur
265 2188 340 2240 enim
360 2187 452 2239 verbis
469 2182 601 2246 πολλάκις
618 2182 836 2252 ἐπισκοποῦντα,
855 2187 900 2238 cui
914 2191 1029 2258 negotio
1042 2192 1102 2243 im-

130 2257 279 2330 pendenda
290 2259 327 2309 sit
347 2275 437 2321 moro,
455 2255 526 2307 illud
541 2255 573 2309 τύ
587 2251 747 2326 βραδύνειν.
782 2257 848 2308 Non
860 2269 990 2313 accusate
1004 2259 1100 2331 itaque

130 2328 294 2381 reddiderat
317 2327 460 2376 Gesnerua:
478 2354 513 2364 -
530 2337 605 2393 teque·
624 2328 774 2389 sustineas,
792 2345 827 2376 uc
845 2345 921 2394 coepe
944 2333 1099 2382 consideret.
1145 2333 1149 2338 “

132 2399 169 2464 ⁸)
186 2397 385 2455 ποιούντα]
405 2394 472 2460 ,,8ἰο
490 2394 575 2446 etiam
594 2395 617 2447 J.
634 2394 673 2455 Pl,
690 2404 718 2445 et
740 2395 775 2446 H.
797 2393 900 2446 habere
919 2407 1003 2448 notet
1023 2400 1100 2450 Solo·

87 2516 94 2529 ,
132 2466 215 2517 assas!⁴
250 2469 286 2532 u)
305 2461 483 2534 ἑλομένῳ]
499 2465 562 2531 „Ita
574 2472 650 2514 recte
663 2463 703 2513 Pl.
717 2464 780 2518 Par.
795 2464 829 2516 H.
847 2464 880 2517 B.
895 2483 919 2520 2.
935 2475 963 2516 et
977 2468 1020 2520 M.
1034 2465 1100 2522 ἑλω-

132 2533 208 2604 ptem
226 2530 272 2585 J.“
305 2534 351 2584 Sic
368 2542 397 2584 et
414 2535 445 2584 A.
461 2549 486 2584 α.
538 2531 572 2596 τι)
597 2527 732 2600 πάντα]
750 2549 804 2599 ,ex
818 2534 859 2584 M.
874 2541 902 2584 et
915 2535 947 2586 L.
963 2535 1099 2590 dedimus.

134 2587 257 2659 Ποῖύτων
267 2601 339 2655 Edd.
357 2601 461 2658 niele.“
495 2603 534 2671 y)
552 2597 715 2670 ἐπιδεῖν]
731 2572 799 2670 „int
813 2602 871 2656 δεῖν
883 2602 1027 2657 discretim
1042 2608 1103 2658 sola

20 2790 28 2803 ,
109 2742 217 2807 Herm.
241 2740 390 2824 Quonam
404 2737 490 2802 illo?
609 2755 708 2819 cunt,
736 2762 841 2822 neque
860 2739 1025 2816 habitum,
1048 2758 1108 2803 asuv
1195 2733 1198 2735 ’

110 2828 189 2909 Isso.
224 2824 399 2892 Judicandi
427 2822 566 2906 quodam
609 2826 742 2909 gloriam
763 2825 940 2905 sapientiae
963 2847 1105 2890 reveren.

70 2926 107 2978 ct
116 2911 308 2996 explorandi
323 2922 494 2993 apparatu,
517 2909 566 2967 in·
608 2909 670 2986 ris,
705 2908 760 2971 sed
778 2923 816 2968 ut
840 2909 1105 2990 Areopagitarum

71 2997 315 3085 gestionem,
349 2993 567 3076 intelligentia
609 2994 781 3074 morehoo
801 3013 893 3076 agas,
927 2994 984 3073 qui
1005 3012 1106 3056 noctu

71 3096 222 3149 accutata
235 3096 267 3143 et
281 3082 478 3160 incorrupta,
490 3097 567 3159 qua·
609 3092 642 3140 et
668 3079 702 3136 in
723 3075 861 3140 tenebris
878 3075 1043 3159 judicant,
1066 3102 1107 3142 ne
1151 3130 1154 3135 ,

71 3171 137 3231 len
159 3166 311 3227 nimirum
333 3176 463 3246 oportet
484 3182 570 3240 esse,
613 3161 653 3224 ad
669 3163 749 3240 hos,
773 3161 828 3246 qui
846 3160 975 3241 dicunt,
997 3164 1052 3224 sed
1066 3163 1108 3225 ad

74 3272 159 3335 qnae
172 3249 272 3312 tantis
286 3248 325 3309 de
340 3247 434 3309 rebus
448 3245 571 3329 judica·
613 3269 668 3318 ea,
702 3269 783 3332 quae
804 3245 971 3324 dicuntur,
1007 3251 1108 3330 respi-

74 3350 150 3398 tnn
176 3334 239 3396 sits
276 3331 420 3415 alioquin
452 3331 572 3393 frustra
613 3333 718 3395 ciant:
756 3347 824 3393 tum
847 3331 973 3393 demum
993 3332 1109 3413 licere,

75 3419 186 3483 omnic
199 3418 342 3501 inspecta
355 3416 488 3479 fuerint.
500 3415 572 3476 Tri·
614 3431 689 3499 post
701 3416 820 3479 firmam
829 3416 1029 3496 electionem,
1038 3417 1111 3500 phi·
1222 3413 1224 3416 ’

73 3500 238 3567 leuandum
264 3523 359 3586 crgo,
394 3500 457 3574 ait,
495 3498 573 3561 huic
613 3502 789 3582 Iosophari.
1022 3510 1024 3524 ²
1102 3546 1105 3556 .

75 3587 175 3653 ctiam
198 3600 322 3668 tempus
337 3607 404 3647 non
420 3605 571 3666 parvum,
659 3587 763 3650 Hem.
798 3585 877 3648 Post
901 3584 987 3645 hanc
1014 3585 1113 3646 vitam

75 3687 128 3754 et,
163 3671 199 3732 in
228 3668 369 3733 medium
395 3669 573 3751 propositio
614 3691 737 3752 nempe.
781 3669 1042 3750 Quantumcnim
1059 3693 1114 3731 au·

80 3755 243 3831 mnibus,
265 3754 455 3817 electionem
469 3753 513 3813 ita
526 3753 588 3813 fa:
617 3756 687 3830 dio,
719 3756 843 3816 nulline
860 3754 1027 3816 hominum
1046 3757 1115 3816 vita

80 3826 248 3914 cinctum,
279 3851 318 3899 ut
337 3841 472 3899 multam
493 3857 575 3898 cun·
618 3839 803 3919 suffecerit,
824 3855 862 3901 ut
876 3838 916 3900 ad
932 3861 1041 3902 omnes
1055 3862 1116 3902 ve-

10 3963 14 3991 ÷
81 3925 189 4005 αλοτίι,
211 3939 244 3988 te
267 3945 308 3985 ne
324 3922 493 4000 sustineas,
512 3942 577 3987 sae·
619 3924 762 4002 niumm,
797 3938 830 3986 et
856 3946 1116 4008 unumquemque

10 4066 16 4079 ,
82 4029 126 4093 pc
146 3944 373 4083 consideratam
398 4015 476 4070 'nec
496 4021 580 4070 aeta·
621 4023 770 4072 accurate
797 4009 1026 4091 inspiciamus,
1061 4009 1118 4068 in-
1213 4073 1217 4084 .

84 4107 150 4158 tem
164 4086 438 4179 nninicnjnsque‚
462 4091 597 4177 quini-2
622 4108 765 4177 spectum
785 4092 984 4177 judicemus,
1012 4093 1120 4178 eliga-
