2634 4680
82 220 210 327 '548
402 256 972 313 nunornrrouas

136 425 227 502 cujus
250 412 395 478 meminit
410 408 577 491 Xenophon
598 405 648 474 ed.
670 405 717 467 St.
736 426 768 505 p
782 410 862 477 276,
883 402 958 491 29.)
981 402 1152 467 Nostrum
1173 406 1245 470 Ver,

136 508 223 569 Hist.
237 502 282 565 Il.
297 518 367 577 cap.
385 502 437 562 22.
462 490 585 571 Quintil.
596 492 649 568 11,
664 498 695 559 8.
716 510 800 549 crrca
819 488 932 559 finem,
955 510 998 551 ex
1018 510 1095 569 quo
1112 504 1148 551 et
1161 505 1245 553 aeta-

136 606 201 653 tem
216 591 283 668 ejus
299 581 409 641 discas.
433 576 542 658 (Cilix
560 591 638 639 erat.
669 574 722 638 Ol.
741 574 856 635 CCIV.
870 572 961 634 vicit.
992 574 1070 635 Afr.
1089 570 1201 660 ἆναγρ.
1215 590 1245 637 ct

137 674 265 737 Prason.
281 666 382 727 Eliac.
397 665 446 742 Ι.)
468 660 566 745 Loyd.
589 660 717 721 socan.
760 656 851 719 Mihi
862 658 1020 719 Lucienus
1036 680 1106 721 nec
1124 659 1243 721 delliu-

138 758 205 819 dori
228 750 338 823 Siculi,
361 772 420 810 nec
444 748 483 807 de
500 747 681 820 Pausaniae,
705 742 891 805 Nicostrato
912 762 949 801 co
977 742 1081 805 itasse
1102 742 1242 819 videtur,
1287 780 1290 786 ·

137 840 191 903 sed
209 838 312 921 egisse
332 833 371 893 de
385 830 511 907 annuali
528 828 665 912 quodam
688 832 757 909 ejus
771 826 911 885 nominis
927 840 961 885 at
986 830 1057 888 leta
1075 828 1243 890 celeberri-

136 946 207 998 mo,
238 935 276 980 ut
296 933 329 980 et
348 916 535 977 Scholiastae
555 913 659 973 visum
680 927 738 975 est.
792 910 985 971 Interiorem
1010 924 1130 973 autem
1151 912 1243 996 hujus

136 1010 201 1069 loci
217 1024 343 1067 sensum
360 1001 492 1081 despero
502 1018 589 1057 nunc
603 996 692 1057 omni
701 1018 741 1057 ert
750 1010 841 1077 parte
851 994 1008 1075 explicari
1020 1014 1139 1079 posse,
1151 1018 1243 1080 quum

139 1091 242 1152 omnis
263 1094 332 1169 ejus
357 1090 446 1145 color
469 1080 628 1163 ejusmodi
651 1081 713 1159 sit,
739 1096 778 1139 ut
799 1078 955 1157 respicere
975 1092 1120 1155 auctor,
1141 1094 1184 1141 nt
1201 1080 1243 1143 ait

142 1172 331 1254 Rudolplnts,
357 1167 506 1229 videatur
525 1164 643 1225 adrem
659 1164 694 1223 in
710 1164 798 1224 facto
811 1162 966 1243 positam,
989 1184 1093 1247 quam
1109 1166 1241 1249 ignora-

140 1281 218 1319 rnus.
264 1253 361 1339 Quod
375 1268 481 1313 autem
500 1247 539 1308 ad
561 1247 675 1323 verba,
698 1241 757 1327 ἄρ’
779 1244 968 1329 Ἡρακλέους
992 1250 1150 1331 γενέσθαι
1171 1250 1240 1311 atti·

137 1357 208 1419 net,
231 1341 265 1399 in
288 1338 438 1399 versione
461 1331 642 1396 Wiclantir'i:
671 1332 770 1411 „aber
790 1330 845 1391 das
867 1330 981 1393 wiirda
995 1332 1099 1395 nicht
1115 1334 1240 1397 verbin-

139 1426 209 1489 dert
221 1424 343 1497 haben,
368 1418 439 1479 dass
455 1420 628 1497 Hercules,
650 1438 750 1479 wenn
764 1416 967 1477 Nicostratus
985 1416 1180 1495 (wiewnltl
1194 1418 1240 1479 ai.

138 1533 195 1573 ner
210 1509 264 1569 der
284 1504 495 1566 hisslichsten
517 1502 716 1573 Menschen,
741 1500 794 1561 die
811 1521 883 1561 man
898 1498 998 1561 seben
1012 1498 1171 1587 konnte)
1188 1504 1239 1563 mit

140 1596 210 1656 dem
224 1591 365 1653 achiinen
382 1590 518 1649 Alcaeus
541 1608 604 1645 von
622 1588 737 1662 Miles,
762 1584 817 1646 der
832 1583 901 1645 sein
914 1584 1079 1669 Liebling
1094 1608 1239 1671 geweten

140 1700 219 1759 seyn
232 1680 311 1752 soll,
336 1694 499 1756 gerungen
516 1670 616 1748 britte,
638 1670 732 1731 nicht
749 1669 818 1729 dem
832 1682 962 1743 erstern,
986 1674 1035 1731 ala
1052 1672 1134 1733 tlam
1148 1670 1241 1733 atirb·

139 1779 210 1825 aten
227 1760 295 1820 und
310 1758 487 1839 tapfersten
511 1778 575 1816 vnn
591 1756 735 1837 heyden,
760 1756 819 1815 den
837 1754 923 1813 Preis
939 1752 1130 1817 zuerltannt
1142 1756 1238 1818 haben

140 1844 293 1921 wiirde‚“
316 1879 355 1891 -
378 1842 435 1901 vix
449 1841 646 1901 divinaveris
661 1840 808 1915 Lucinni,
832 1837 871 1899 de
886 1837 1003 1920 quibus
1017 1841 1152 1923 agitur,
1175 1862 1238 1904 ver-

138 1932 189 1997 ba.
232 1930 301 1991 Nec
316 1924 458 1989 l'clmerr'i
478 1927 726 2007 explicationem
749 1938 781 1985 et
795 1926 1030 2005 conjecturam,
1054 1926 1125 1987 etsi
1140 1924 1238 1987 admo.

141 2016 217 2079 dum
239 2013 439 2098 ingeniosam
460 2024 492 2071 et
514 2010 735 2085 artificiosam,
758 2010 841 2068 tanti
860 2002 966 2082 facio,
989 2021 1030 2067 ut
1046 2030 1238 2095 magnopere

141 2098 311 2165 curandam
327 2096 517 2158 existimem.
539 2096 641 2155 Recte
652 2093 776 2155 Belinuc
791 2092 904 2153 vertit:
925 2088 1039 2167 „Rieu
1053 2092 1239 2175 n’empecba

48 2209 52 2217 ·
142 2206 205 2269 qne
218 2189 248 2245 le
267 2183 316 2242 iils
337 2178 535 2253 d'Iaidotus,
560 2180 760 2256 Nicostrate,
782 2198 822 2237 ne
840 2176 905 2237 soit
919 2176 955 2236 de
972 2174 1006 2239 la
1019 2202 1092 2240 race
1118 2178 1239 2241 d'Her-

141 2270 215 2335 cute.
258 2268 302 2327 Et
316 2266 362 2324 sic
377 2264 470 2323 etiam
483 2262 663 2344 Rndolplrus
679 2262 838 2342 explicuit
852 2253 908 2341 ἀφ’
919 2256 1118 2343 Ἡρακλέους
1131 2260 1237 2328 inlnd.

142 2377 168 2417 s,
184 2376 213 2418 v,
227 2348 302 2426 sind,
328 2346 469 2409 Herculis
480 2364 664 2423 sectatorem,
687 2350 862 2408 imitatorem
865 2346 974 2431 fuisse.
1004 2346 1167 2411 Contulit
1180 2349 1239 2409 fot·

142 2442 259 2497 mulam
281 2438 313 2499 oi
326 2429 387 2497 sind
411 2428 578 2506 Πλάτωνος
598 2446 659 2492 etc.
677 2445 710 2493 et
731 2432 921 2511 provocavit
942 2430 982 2491 ad
999 2430 1109 2515 Viger.
1127 2434 1194 2511 IX,
1208 2440 1239 2508 i,

144 2530 193 2591 13.
210 2518 366 2603 probante
382 2515 483 2597 ipsius
499 2516 639 2577 Censore
656 2516 690 2573 in
706 2515 872 2597 Ephesum.
888 2516 1034 2581 Jenenss.
1049 2537 1153 2599 supra
1174 2522 1241 2579 lan-

143 2607 229 2671 dato.
271 2606 312 2665 In
333 2603 375 2663 N.
388 2604 426 2666 T.
448 2599 487 2660 de
507 2599 615 2661 eadem
635 2600 770 2663 notione
787 2599 967 2683 promiscua
988 2602 1240 2681 usurpantnrdr

141 2688 337 2767 teudericus,
360 2682 445 2763 οἷον,
475 2706 500 2745 s.
521 2686 641 2761 τέκνον,
665 2683 744 2749 εἶναι’
763 2710 861 2763 τινος,
882 2698 919 2742 ut
938 2684 971 2747 it
995 2682 1149 2767 διαβόλου
1169 2684 1239 2751 εἶναι

142 2776 211 2839 tot.
230 2776 292 2837 Ev.
308 2773 406 2847 VIII,
424 2776 475 2838 44.
493 2783 553 2831 etc.
597 2770 640 2831 H.
655 2773 677 2831 1.
692 2769 859 2831 verterim:
881 2766 1025 2829 Herculei
1044 2770 1251 2855 esser-odoris.x
1296 2811 1299 2840 ,

147 2860 227 2923 Guil.
243 2860 382 2941 Longius
402 2855 436 2914 in
453 2852 646 2917 Animadvv.
666 2854 706 2914 ad
718 2854 855 2916 Lucian.
878 2852 1004 2933 saepius
1020 2856 1088 2935 jam
1103 2854 1240 2916 laudatis
1296 2871 1300 2910 ι

142 2944 291 3021 eandem,
316 2943 449 3023 opinor,
472 2938 749 3022 interpretationis
767 2943 907 3023 regulam
924 2950 1073 3017 secutus,
1098 2940 1242 3025 explicat
1297 2927 1300 2952 '

159 3046 330 3093 ortemesse.
359 3026 479 3086 Lnrru.

227 3113 306 3175 Eud.
323 3115 345 3170 l.
365 3119 414 3179 13.
434 3102 591 3189 Ἀλκαῖος)
611 3110 665 3171 De
678 3108 742 3169 hoc
757 3122 876 3173 tacent.
908 3110 1034 3173 Sanan.

227 3198 300 3279 Pag.
317 3202 387 3263 177.
405 3198 426 3253 l·
441 3203 471 3261 2.
496 3196 556 3259 Kal
572 3197 676 3258 τοίνυν
698 3189 719 3276 ἡ
741 3197 875 3277 ἱστορία,
899 3192 997 3275 εἰμὲν
1015 3192 1119 3269 ἄλλως
1133 3190 1170 3259 cd
1185 3218 1244 3275 τερ-

142 3278 223 3349 rcvdu
243 3276 536 3363 παρεμπορεύσαιτο,
566 3276 698 3352 πολλοὺς
720 3274 759 3341 tv
781 3278 852 3355 τούς
875 3276 999 3362 ἐργάτας
1023 3275 1244 3357 ἐπισπάσαιτο)

142 3369 304 3447 Interprea
323 3365 567 3425 salmuriensis:
588 3362 717 3423 Proinde
734 3364 875 3440 historia,
897 3368 925 3425 si
937 3360 1106 3446 jucundum
1118 3364 1247 3427 auctarii

142 3456 206 3515 vice
221 3450 354 3525 baberet,
378 3447 502 3526 multos,
525 3472 544 3509 a
559 3448 664 3531 quibus
676 3448 862 3526 scriberetur,
886 3448 1026 3509 alliceret.
1056 3448 1179 3531 Inepta
1192 3469 1246 3508 ιιι-

145 3540 203 3602 tio.
245 3536 323 3596 Non
338 3537 446 3614 plures
461 3533 677 3595 invitarentur
691 3532 729 3593 ad
749 3532 932 3595 scribendas
949 3532 1121 3611 historias,
1145 3532 1186 3595 de
1196 3528 1247 3593 Iti·

146 3622 336 3682 storicorum
355 3618 441 3678 enim
463 3615 672 3683 multitudine
694 3618 919 3699 conqueritur,
942 3614 998 3679 aed
1017 3614 1059 3676 ad
1077 3615 1244 3701 legendus.

144 3704 313 3767 Historiae
327 3702 411 3764 enim
427 3702 510 3781 illae,
535 3722 616 3784 quae
633 3700 822 3781 posthabito
835 3725 911 3765 vero
928 3699 989 3763 soli
1004 3698 1184 3763 studebant
1198 3703 1248 3783 jn.

145 3788 268 3864 cundo,
293 3784 435 3847 ludibrio
451 3800 484 3847 et
504 3784 613 3846 taedio
629 3786 780 3869 gravibus
793 3787 872 3847 viris
888 3800 994 3857 erant,
1019 3798 1053 3845 ct
1077 3806 1095 3845 a
1117 3786 1246 3847 nemine

143 3873 348 3956 legebantur,
372 3870 438 3929 nisi
463 3869 659 3933 mulierculis
683 3886 716 3933 et
730 3870 1005 3943 adolescentibus,
1028 3882 1068 3927 ut
1088 3868 1247 3933 hactem-

143 3970 266 4039 peatate
280 3955 543 4033 Romanensium,
565 3969 603 4016 ut
620 3970 748 4035 vocant,
770 3956 948 4015 fabularum
966 3952 1155 4035 scriptores.
1185 3956 1249 4017 Va·

143 4062 217 4103 rum
234 4039 330 4123 hujus
343 4038 410 4100 loci
430 4037 620 4121 scripturam
633 4038 730 4101 nobis
747 4040 890 4104 servavit
904 4037 1017 4103 Codex
1028 4040 1246 4126 Anglicanna,
