2634 4680
202 298 254 373 w
562 306 873 361 ισσιλασ

92 465 290 545 mathitae
305 460 410 547 λίγγς,
432 450 563 525 οάδίντι
575 449 611 520 τό
625 459 743 535 πλῆθος
758 447 859 521 αάτοῖν
870 453 911 534 ῙΡ)
921 466 923 472 ’
933 452 1112 543 τεροςάξεταί
1127 482 1237 540 cevas·

91 577 189 643 1³·794'·
199 565 311 634 οτεόειν
318 614 327 643 ,
352 558 437 645 ἀγρις
450 553 504 631 ἀν,
526 553 550 641 ἢ
562 561 597 637 (ἶ)
619 553 730 638 μηδὲν,
760 551 782 639 ἢ
793 559 829 623 δν
844 555 970 635 εἰδότες,
992 562 1064 647 ιτερλ
1088 557 1237 631 ἀπάντοιν

196 665 440 748 ἀποφαίνωνται.
1019 666 1021 671 ’
1074 712 1079 729 ,

283 772 389 833 ΕΡΜ.
412 757 525 849 Μόνος
546 761 579 829 δὲ
592 762 625 850 ¹)
655 761 693 831 οδ
714 757 847 846 τάληθὲς
863 766 1012 843 κατεῖδες,
1045 767 1079 831 οῖ
1093 758 1123 833 δ’
1141 750 1235 835 Ιἀλλ’στ

128 924 130 929 s
197 865 321 951 ἀνόητοι
337 862 482 946 ἀιιαντες,
505 860 572 929 όσοι
586 871 803 948 φιλοσοφοῦσι.
1193 886 1196 891 ·

280 976 382 1036 ΛΤΚ.
414 964 601 1050 Καταψεύδῃ
619 994 697 1050 μου,
710 1010 713 1015 -
728 961 755 1032 ἀ
772 961 950 1050 Ἑρμότιμε,
975 966 1086 1052 λέγων,
1113 962 1155 1044 ἀς
1173 964 1232 1054 lysi

143 1134 145 1143 .
188 1073 363 1160 ’προτίθημί
376 1095 418 1152 ιιγγ
436 1065 565 1150 ἐμαντδν
581 1075 641 1133 τοῖν
655 1065 772 1146 ἀλλων,
795 1064 817 1150 ἢ
830 1065 923 1133 τόττσι
937 1066 1015 1145 ὅλως
1030 1072 1063 1135 ἐν
1075 1077 1139 1145 τοῖς
1153 1065 1233 1139 ezei-

195 1199 241 1255 σι,
262 1177 312 1240 καὶ
327 1167 364 1238 cei
379 1164 576 1254 μνημονεύεις
590 1160 633 1233 siv
655 1170 752 1251 ἔφην,
780 1166 839 1236 cain
859 1165 951 1246 αάτδς
971 1173 1080 1236 εἰδέναι
1099 1165 1232 1253 τάληθδς

192 1276 269 1361 ἀιιὲρ
301 1272 374 1350 τοάς
403 1270 510 1347 ἀλλους
532 1265 775 1353 διατεινόμενος,
809 1265 884 1337 ἀλλά
904 1270 977 1356 μετά
1002 1269 1127 1338 πόντων
1153 1265 1250 1353 αάτδΙ

33 1429 40 1444 ι
191 1376 312 1466 ἀγνοεῖν
326 1372 491 1457 όμολογοῖν.
1162 1380 1169 1391 ’
1194 1420 1197 1425 .

26 1468 31 1481 ’
130 1478 174 1544 54
211 1515 214 1521 v
277 1485 381 1545 EPM.
400 1466 497 1553 Ἀλλ’,
520 1464 690 1553 ἀΛακῖνε,
712 1471 746 1540 τό
761 1476 814 1558 μδν
828 1477 878 1542 λιτὶ
891 1469 1007 1553 ιιάντας
1028 1477 1131 1544 ἐλθεῖν
1152 1483 1229 1563 xcvi-¹

98 1614 103 1623 ·
140 1616 147 1649 .-
191 1608 260 1661 ναι,
282 1581 334 1646 καί
346 1583 530 1659 πειραθῆναι
545 1567 588 1640 οἷν
602 1599 695 1659 φασι,
716 1580 767 1642 τισί
778 1575 811 1643 τδ
831 1576 871 1661 μὴ
888 1575 927 1644 ἀν
942 1575 1036 1655 ἀλλος
1049 1574 1227 1667 §liciensi

188 1686 318 1769 βέλτιον,
341 1675 363 1762 ἦ
379 1675 491 1755 οὕτως,
514 1672 639 1763 είίλογον
649 1682 731 1755 ίσαις.
753 1678 788 1744 τό
802 1680 835 1744 δὲ
847 1688 885 1766 τῇ
897 1684 985 1766 πείρα
997 1676 1104 1769 ἕκάστγγ
1118 1688 1245 1768 cocciis

189 1806 226 1852 τοι
240 1789 287 1866 isa
304 1776 499 1858 ἀποδιδόναι,
521 1781 716 1864 παγγέλοιον,
739 1776 834 1867 ἀςιτερ
851 1775 906 1863 οάγ
919 1778 1030 1850 οἷόντε
1043 1776 1080 1848 δν
1093 1776 1226 1867 ἀπ’-ἀλλ·

188 1913 251 1974 γιον
265 1892 449 1965 καταμαθεῖν
468 1879 504 1947 τά
518 1877 627 1947 ιτάντα.
650 1884 718 1965 ἐμοὶ
740 1882 773 1949 δὲ
785 1884 836 1948 καί
851 1880 932 1947 ιτάνα
950 1879 1058 1970 ῥᾴδιον
1073 1876 1153 1949 εἶναι
1172 1888 1223 1949 δο-

185 2000 237 2057 κεῖ
246 1984 279 2055 τό
294 1993 452 2064 τοιοῦτον,
475 1986 527 2051 καλ
548 1978 586 2049 cai
602 1991 717 2066 πολλῆς
739 1989 892 2068 διατριβῆς
913 1982 1067 2067 δεόμενον.
1090 1988 1169 2065 φασί
1186 1982 1221 2071 γί

183 2117 232 2156 τοι
245 2097 304 2155 τοῖν
319 2093 459 2153 πλαστῶν
475 2110 559 2163 τινα,
593 2091 719 2152 Φειδίαν
742 2084 843 2167 οἶμαι,
872 2085 964 2170 όννχα
984 2087 1080 2166 μόνον
1100 2086 1221 2164 λέοντος

79 2203 107 2256 Ρ·
115 2200 175 2258 795·
183 2188 303 2269 ἰδόντα,
326 2181 380 2252 ἀντ’
403 2192 521 2255 ἐκείνου
540 2180 772 2271 ἀναλελογίσθαι
787 2188 820 2264 ⁵)
841 2183 946 2269 ἡλίκος
965 2182 1004 2251 ἀν
1026 2185 1119 2263 όιιάς
1140 2189 1220 2273 λίψ

253 2343 425 2408 conjecerat,
444 2352 611 2414 2954.3011.
626 2338 685 2394 Bel.
696 2339 786 2390 'sam
830 2345 868 2407 p)
883 2334 925 2391 αιί
931 2338 1017 2407 τοῖν]
1034 2332 1134 2412 „ccitqi
1147 2341 1175 2395 S.
1185 2348 1217 2393 et

250 2411 459 2464 Amst.mele.“
511 2419 543 2478 q)
561 2404 599 2477 ἢ]
617 2407 711 2481 „delet
735 2409 846 2459 Gronov.
882 2408 966 2458 Adest
983 2408 1013 2458 in
1037 2408 1108 2461 Edd.
1132 2410 1213 2463 ael.

250 2482 287 2537 H.
303 2482 365 2535 Per.
379 2480 453 2532 etc.“
486 2479 512 2541 r)
533 2479 549 2531 δ
558 2475 588 2544 ὲ]
606 2473 665 2545 ,δὴ
678 2475 741 2530 Pell.
757 2475 897 2529 ironice.'“
931 2477 995 2527 Non
1010 2477 1091 2542 male,
1109 2479 1133 2529 si
1146 2476 1216 2533 boui

253 2550 367 2620 quidem
384 2548 450 2601 libri
470 2548 623 2599 auctoritas
644 2545 796 2599 accederet.
847 2546 878 2612 s)
901 2539 1217 2621 ἀναλελογίσθαι]

184 2671 290 2745 dicas,
331 2668 415 2728 nihil
445 2689 495 2728 me
531 2667 675 2749 ipsorum
759 2665 864 2730 Herm.
888 2666 971 2747 Sed,
994 2668 1142 2748 Lycius,
1172 2670 1215 2733 il·

182 2753 355 2817 multitudo
367 2753 407 2814 ed
421 2751 609 2814 credendum
621 2751 675 2812 ad·
716 2748 774 2811 lud
790 2753 875 2813 forte
893 2769 1142 2814 consentaneum
1159 2776 1215 2816 rc-

183 2839 297 2918 ducet‚
321 2839 394 2898 dum
414 2852 469 2898 aut
493 2837 594 2914 nihil,
619 2848 676 2897 aut
716 2835 819 2914 tioni,
845 2836 984 2897 eundum
1005 2835 1125 2899 essead
1144 2852 1233 2901 οιο..ι

180 2946 280 2984 unum
319 2923 415 2984 modo
447 2945 518 2983 cum
553 2923 674 3000 sciant,
715 2940 794 2998 nce,
819 2919 904 2983 dicte
926 2923 1067 2985 omnium
1091 2928 1215 3005 explo-

180 3006 439 3089 pronuntiabunt
456 3007 495 3067 de
513 3005 672 3068 omnibus.
716 3005 831 3082 tanda,
856 3027 914 3066 nec
929 3007 1023 3067 aliter
1039 3027 1132 3090 quam
1148 3007 1216 3071 hoo

219 3092 325 3152 Herm.
345 3093 438 3150 Solus
456 3106 559 3151 autem
573 3103 609 3149 tu
622 3111 674 3149 vc·
715 3088 810 3150 modo
826 3089 1025 3170 eligendum,
1050 3089 1137 3172 quod
1152 3114 1216 3177 op.

154 3190 249 3236 'rum
267 3175 396 3249 vidisti,
420 3175 537 3255 reliqui
560 3193 674 3232 amen-
716 3173 827 3232 timum
846 3188 910 3234 est:
935 3173 988 3233 sed
1008 3176 1214 3255 experimen!

179 3273 227 3320 tes
249 3280 375 3335 omnes,
406 3272 569 3340 quotquot
591 3255 674 3338 phi-
716 3271 750 3316 to
773 3257 948 3338 unicuique
971 3272 1020 3318 tot
1039 3280 1139 3319 annos
1155 3276 1233 3329 οτι,

109 3358 112 3367 “
178 3344 402 3425 Iosophantur.
707 3340 872 3418 ¹tribuere,
908 3339 998 3402 valde
1021 3343 1213 3426 ridiculum,-

220 3429 294 3513 Lyc.
306 3425 672 3493 Calumniarisme.Her·
715 3425 807 3506 quasi
829 3445 894 3484 non
916 3425 1026 3488 liceret
1040 3449 1079 3489 ex
1096 3430 1211 3508 paucis
1231 3430 1236 3445 “

178 3515 327 3589 nimime,
352 3512 442 3593 quasi
462 3532 522 3593 ego
537 3529 669 3590 usquam
714 3530 908 3592 cognoscere
943 3511 1058 3574 omnia.
1115 3512 1212 3579 Mihi

177 3618 228 3656 me
243 3617 433 3676 praeponam
449 3593 592 3676 reliquis,
615 3605 671 3652 aut
714 3613 788 3654 vero
805 3594 900 3653 etiam
915 3595 1007 3669 valde
1026 3597 1122 3658 facilc
1139 3618 1213 3663 csso

179 3681 312 3740 omnino
328 3681 362 3738 in
380 3679 553 3740 scientibus
571 3681 670 3738 collo.
713 3681 776 3738 tale
793 3678 957 3758 quidpiam
974 3680 1123 3760 videtur,
1146 3703 1212 3747 nec

108 3830 128 3843 ,Δ
177 3785 264 3837 cem,
289 3764 667 3839 necreccrderiseorum,
711 3766 810 3823 multe
835 3784 922 3822 mota
944 3763 1099 3847 indigere.
1143 3766 1218 3845 Di·-

178 3867 261 3928 quae
282 3846 368 3920 dixi,
391 3868 457 3906 non
474 3845 669 3909 contendens
711 3861 788 3907 cunt
807 3862 891 3907 certe
906 3851 1131 3911 statueriorum
1146 3850 1208 3913 nli.

177 3930 248 4010 ipse
263 3931 343 3990 scire
359 3951 467 3990 verum
484 3946 608 4012 praeter
622 3950 668 3990 re.
709 3952 820 4014 quem,
844 3930 991 3991 Phidiam
1009 3949 1109 4014 puto,
1129 3938 1206 4001 solo

175 4015 299 4096 liquos,
338 4013 392 4074 sed
421 4036 492 4073 cum
520 4013 667 4075 omnibus
709 4029 883 4097 conspecto
895 4018 999 4076 lconis
1015 4039 1141 4101 uagae,
1164 4040 1209 4081 ex

176 4099 325 4184 ignorare
342 4096 422 4158 illud
435 4099 612 4161 confessus.
710 4099 767 4161 illa
790 4099 952 4181 portionis
966 4101 1208 4181 ‘aestimatione
