2634 4680
128 268 208 345 876
393 282 969 337 auuorsrrorsss

214 429 294 495 Eud.
309 433 377 500 L8.
403 424 484 496 odil
496 427 572 514 ὄναρ
585 429 670 511 etc.)
699 431 823 490 Tantae
837 426 1032 493 intentionis
1048 436 1245 517 exemplum

132 520 204 602 ipse
219 516 300 581 vidi.
344 516 480 579 Juveuis
505 515 663 597 optimus,
694 514 750 596 qui
778 512 935 575 Graeciam
960 514 1138 596 audiebat,
1173 540 1251 581 curu

131 605 234 667 serius
246 599 287 661 ad
311 599 419 663 studia
438 599 603 661 literarum
625 599 767 660 animum
786 599 1014 680 applicuisset,
1027 673 1033 681 .
1045 615 1113 661 tam
1135 602 1251 667 vehe-

132 702 254 751 menter
267 683 379 746 iisdem
398 698 466 744 tum
482 684 578 745 dabat
594 704 742 765 operam,
764 697 803 743 ut
816 697 918 744 noctu
934 683 1118 757 dormiens,
1169 708 1252 749 uae·
1306 730 1309 735 -

132 792 261 854 cunque
276 768 419 831 interdiu
430 769 577 853 legisset,
599 768 766 831 recitaret:
789 765 893 828 donec
907 768 946 829 ab
960 770 1072 831 amicis
1087 707 1251 833 medicis·

132 877 196 940 que
213 853 357 915 monitus
369 853 494 915 remisit
510 850 622 937 aliqud
638 852 678 914 de
692 852 796 913 nimio
820 852 878 913 illo
894 853 1021 929 studio,
1048 867 1089 915 ut
1109 860 1251 918 valetu-

132 939 204 1001 dini
228 937 457 999 detrimentum
480 937 561 1000 iude
581 951 734 1019 capturae
757 939 949 1002 consuleret.
978 938 1109 1005 Souan.
1162 940 1251 1003 Non

132 1024 221 1106 cepit
234 1021 315 1082 haec
331 1021 426 1084 verba
441 1022 598 1105 interpret
613 1022 720 1103 prior,
742 1036 886 1098 vertens,
910 1022 985 1085 odeo
999 1040 1032 1084 ut
1046 1028 1149 1087 comui
1161 1050 1251 1111 quo-

130 1135 187 1194 que
199 1109 393 1191 parcissimus
406 1108 481 1169 mihi
496 1111 576 1169 visus
588 1109 648 1185 sis,
672 1127 743 1166 cum
757 1104 962 1188 significent,
990 1132 1091 1191 nepes·
1103 1132 1249 1175 somnum

91 1248 105 1274 ι,
129 1192 250 1279 quidem
261 1215 391 1275 unquam
403 1191 553 1254 relaxasti
563 1208 591 1251 te
604 1191 643 1251 od
661 1189 784 1253 ludere.-
804 1190 913 1253 fraudi
929 1191 979 1253 illi
993 1192 1060 1253 tuit
1075 1188 1157 1280 ὄναρ
1171 1194 1248 1258 siue

130 1276 401 1359 praepositione,
418 1275 556 1361 ideoque
579 1296 705 1336 sensum
722 1296 788 1336 non
806 1274 995 1354 inveniens,
1023 1302 1162 1341 somnum
1186 1280 1251 1341 cidi

130 1361 298 1445 indulgere,
321 1354 502 1442 'significari
518 1357 672 1433 credidit3
695 1357 752 1421 sed
767 1355 843 1442 ὄναρ
857 1360 942 1422 idem
957 1382 1042 1440 esse,
1088 1362 1160 1425 uod
1177 1358 1248 1431 κατ’

245 1444 908 1602 νὶνζενῑναξαῑῐῑρανῖ
934 1382 1114 1596 Ws
1133 1450 1246 1553 W·

175 1555 343 1594 n...
517 1574 640 1593 ...
886 1557 971 1595 utu
1030 1552 1244 1601 caumont·

128 1616 213 1677 Tim.
236 1636 265 1675 c.
278 1621 330 1682 20.
346 1615 370 1674 f.
386 1611 433 1681 dre
447 1611 489 1697 μὴ
515 1609 590 1698 ὄναρ
604 1554 810 1679 clamaturo·
833 1556 947 1680 θῑρΑεΖ.
962 1616 1002 1677 V.
1019 1616 1064 1679 H.
1078 1616 1169 1697 XII,
1186 1626 1245 1689 68.

129 1698 205 1775 ὄναρ
222 1696 299 1764 αὖτ’
313 1701 485 1783 συνεγένετο
505 1732 549 1748 -
567 1724 621 1783 per
633 1701 781 1759 somnium
795 1722 863 1761 cum
876 1699 933 1761 illa
952 1725 1010 1762 rem
1021 1700 1140 1765 dodus't.
1162 1704 1244 1767 Plu·

129 1807 164 1847 ra
183 1784 247 1847 Bos
269 1726 309 1846 de
327 1784 434 1867 ellipsi
456 1806 490 1867 p.
504 1790 578 1853 301.
608 1783 685 1844 Alia
703 1781 881 1870 Lexicogr.
903 1783 980 1848 ideo
1002 1790 1098 1869 plura
1119 1784 1243 1853 addere

129 1891 198 1932 nou
216 1869 277 1931 erit
291 1889 417 1950 operae.
439 1869 565 1933 Rsrrz.

213 1969 292 2035 Eud.
307 1974 329 2036 l.
344 1977 375 2039 4
401 1965 510 2046 Οότας
526 1968 619 2051 dioc)
648 1971 829 2056 Dialogus,
856 1989 950 2053 quem
972 1970 1131 2034 Lucienus
1150 1972 1244 2036 Het-

128 2054 319 2131 motimum‚
352 2054 421 2117 sive
442 2053 483 2116 dc
504 2055 625 2135 Sectis,
653 2057 836 2138 inscripsit,
868 2068 915 2115 est
938 2053 1148 2119 hauddubie
1169 2078 1242 2119 non

127 2138 227 2205 modo
243 2138 575 2220 circumspectissimi,
597 2143 817 2205 verumetiam
833 2139 1009 2201 acutissimi
1022 2139 1152 2223 ingenii
1167 2142 1241 2205 foe.

127 2239 200 2285 tus:
223 2234 415 2306 quamquam
433 2244 499 2283 non
518 2225 654 2307 ignoro,
677 2246 772 2308 quam
796 2244 926 2306 prorsus
950 2245 1090 2287 seorsum
1109 2224 1242 2307 judicet

127 2310 163 2372 P·
180 2309 293 2371 Petitur
304 2309 363 2372 IV.
377 2307 560 2370 Miscellan.
577 2309 712 2371 Observ.
734 2331 762 2369 c.
782 2317 811 2377 1.
835 2310 880 2368 At
893 2307 973 2370 haec
988 2308 1182 2388 disquisitio
1196 2310 1239 2373 ab

129 2393 282 2454 instituto
304 2406 415 2451 nostro
437 2406 488 2451 est
507 2393 623 2454 aliena.
668 2394 707 2453 Iu
730 2393 795 2456 hoc
815 2392 928 2455 libello
951 2414 1024 2455 cum
1045 2392 1241 2461 Hermotimo

130 2475 260 2538 Stoicae
288 2474 482 2557 discipliuae
504 2492 662 2540 sectatore
689 2500 755 2541 rem
778 2500 812 2541 se
834 2476 953 2539 habere
984 2478 1082 2562 fingit
1100 2488 1240 2555 auctor,

129 2580 267 2643 cumque
281 2582 320 2622 eo
337 2581 436 2644 quum
449 2559 488 2622 de
508 2563 607 2622 variis
621 2563 736 2639 sectis,
761 2578 830 2624 tum
846 2562 885 2623 de
908 2559 1098 2625 difficultate
1113 2576 1149 2626 et
1168 2564 1241 2629 fere

130 2640 293 2733 ἀδυνάτῳ,
318 2658 405 2706 certo
424 2644 616 2709 inveniendi
638 2648 823 2717 verissimae
840 2644 1066 2729 philosophiae
1087 2646 1241 2731 discipli·

129 2751 203 2791 nsm
219 2730 392 2812 optimam,
416 2729 569 2813 disputat.
611 2732 726 2817 Itaque
750 2733 808 2794 ubi
820 2733 960 2794 Lucieno
973 2732 1137 2814 professus
1152 2744 1242 2797 esset

129 2813 354 2889 Hermotimus,
386 2837 420 2878 se
443 2816 651 2900 pilosoplriae
676 2818 818 2880 animum
839 2815 1152 2898 suum‘applicuisse
1171 2822 1239 2900 jum

130 2897 269 2975 dudum,
305 2922 496 2984 omnemque
521 2902 553 2973 ei
578 2902 770 2985 disciplinae
791 2902 893 2965 vitam
915 2898 1240 2982 porrodicaturuut,

129 2998 167 3044 ut
188 2984 318 3047 taudem
340 2983 499 3046 bonorum
522 3008 562 3047 ex
584 3009 621 3049 ea
641 2986 873 3070 profluentium
888 3004 1019 3067 compos
1037 2984 1164 3075 fieren·
1179 3006 1241 3049 ro.-

129 3066 467 3152 spontletLuciauus,
490 3071 659 3149 sibisatis,
684 3094 727 3134 ex
741 3071 866 3148 multis,
890 3091 972 3152 quae
987 3068 1111 3147 adfert,
1132 3090 1241 3157 argu·

127 3153 249 3215 mentis
263 3173 448 3236 persuasum
462 3176 545 3233 csse,
570 3176 642 3217 eum
657 3158 742 3219 serio
759 3153 989 3239 philosophiae
1006 3176 1024 3216 a
1038 3159 1143 3216 mrrlto
1156 3168 1240 3227 tetu-

128 3258 207 3319 pore
226 3235 500 3304 fuissededitum.
543 3248 654 3316 Δοκεῑς
674 3243 786 3323 dipel,
817 3240 940 3323 pergit,
970 3232 1038 3305 ἀλλ’
1063 3233 1138 3306 ouidi
1155 3236 1238 3323 dm

128 3323 201 3391 noti
215 3315 332 3389 derivas
348 3320 491 3402 σεαντόν,
523 3321 621 3402 οὕτως
634 3323 845 3402 ὄλωςεῖναιὲν
858 3332 901 3413 τῷ
915 3323 1076 3411 πράγματα
1118 3322 1238 3387 Posset

129 3408 200 3493 quis
216 3406 390 3513 suspicari,
413 3408 583 3471 Lucienum
595 3411 761 3493 scripsisse
777 3406 872 3509 dtas..
891 3408 1013 3509 ,Οότας
1026 3405 1190 3512 dionisus
1200 3410 1240 3475 dv

127 3492 1241 3663 ursulitilecastrumassallitWaltz:

129 3663 161 3727 iv
175 3658 330 3753 cpi'idrzp,
353 3677 385 3727 et
399 3661 550 3726 similiter
569 3664 659 3730 alibi.
703 3663 765 3728 Sed
780 3664 861 3727 satie
881 3664 1018 3747 probum
1043 3676 1094 3729 est
1114 3666 1239 3749 vulgu-

128 3760 215 3807 tum:
239 3747 285 3807 sic
306 3748 345 3808 de
362 3747 541 3811 Saltations
559 3771 585 3825 c.
598 3759 629 3821 3.
652 3748 701 3816 Σδ
720 3751 768 3829 δὲ,
797 3751 854 3817 sul
867 3745 911 3817 ds’
935 3744 1108 3832 ὀφθαλμοῖν
1128 3748 1242 3825 dom.

128 3826 205 3903 itur
220 3834 444 3913 δεδουλῶσθαι,
468 3837 516 3897 Tu
526 3857 593 3897 vero
608 3853 689 3899 totus
710 3851 839 3923 quantus
853 3862 897 3914 ca,
919 3834 1028 3897 videris
1049 3836 1253 3907 lanariam·

127 3930 184 3978 tem
199 3915 346 3981 adactus.
389 3917 444 3979 Sic
466 3919 502 3978 iu
517 3920 620 3983 Deor.
636 3920 726 3984 Disl.
739 3920 831 3983 XIX.
845 3920 869 3979 f.
893 3921 1003 3983 Diana
1019 3916 1141 3979 dicitur
1152 3914 1236 3993 disse

127 3995 204 4081 uode
218 4006 255 4097 cpi
266 3999 354 4084 {tripu
375 3999 469 4078 εἶναι,
494 4003 540 4066 nil
560 4010 618 4068 nisi
632 4022 901 4084 vesatumcururef
921 4025 955 4063 se
975 4017 1075 4064 totam
1094 4002 1233 4067 venatui

125 4083 309 4183 latislaus.
332 4066 660 4187 inamaricant
678 4083 1036 4173 terminemus,
1058 4086 1138 4183 tue
1151 4112 1231 4173 au·
