2634 4680
227 291 304 366 230
596 308 907 360 aucranr

138 472 167 525 Ρ·
176 471 219 528 7⁰·
232 477 326 536 σεως,
349 456 441 542 μὲρος
453 460 529 543 γοῦν
547 460 603 540 τῆς
616 451 772 539 ἆσκήσεως
784 456 818 523 τδ
832 456 970 540 μέγιστον
984 450 1274 545 αδτῆνδπολαμβά-

231 582 356 627 νουσιν·
381 557 460 626 οὕτω
477 558 513 641 δὴ
531 562 658 634 καὶτοῖς
674 563 743 639 περὶ
765 556 877 646 λόγους
896 553 1116 625 ἐσπουδακόσιν
1137 557 1275 647 ἡγοῦμαι

230 660 393 746 προςήκειν
431 657 507 745 μετά
534 659 590 744 τὴν
611 659 725 743 πολλὴν
747 669 807 726 τῶν
832 662 1075 744 σπουδαιοτέρων
1094 659 1273 750 άνάγνωσιν

231 758 400 848 iverant)
429 788 460 829 τε
480 761 541 845 τήν
561 759 719 841 διάνοιαν,
757 764 810 827 καλ
833 760 913 847 πρδς
938 759 991 829 τάν
1012 765 1113 829 ἔπειτα
1134 764 1274 850 κάματον

191 863 429 949 Ξᾶκμαιοτὲραν
450 861 697 951 παρασκευάζειν.
742 865 865 930 Γὲνοιτο
887 861 920 930 δ’
939 863 983 930 dv
1005 864 1172 951 ε’μμελὴςὴ
1196 865 1274 934 άνά-

119 1051 123 1065 1
229 993 341 1045 παυσις
351 971 384 1049 e)
408 964 527 1048 αὐτοῖς,
550 973 577 1034 εί
587 979 651 1044 τοῖς
662 962 811 1041 τοιούτοις
824 959 855 1051 ¹)
876 975 935 1033 τιδν
948 965 1196 1053 ἀναγνωσμάτων
1207 967 1281 1056 δμι·Ι

230 1079 327 1150 λοῐεν,
350 1068 371 1135 ii
391 1068 543 1153 μὴμόνον
558 1073 592 1136 ἐκ
609 1080 666 1137 rori
679 1067 798 1136 άστείου
813 1072 907 1136 τεκαὶ
922 1074 1076 1153 χαρίεντος
1087 1069 1182 1154 ψιλὴν
1195 1099 1274 1160 παρ·

230 1175 289 1251 ἕξει
300 1178 332 1251 ⁸)
355 1169 410 1255 τὴν
427 1176 626 1259 ψυχαγωγίαν
637 1167 690 1258 ¹¹),
713 1167 789 1238 άλλά
807 1198 876 1238 τινα
888 1175 940 1237 καί
952 1176 1088 1257 θεωρίαν
1102 1168 1159 1240 otia
1178 1172 1274 1258 ἔριον-

140 1296 169 1350 p·
179 1296 288 1352 71·oov
309 1278 496 1353 ἐπιδείξεται,
533 1270 600 1340 οἷόν
623 1300 651 1339 τι
670 1277 721 1339 καλ
745 1277 814 1358 περί
834 1279 928 1341 τῶνδε
949 1281 1009 1340 τιδν
1032 1271 1275 1360 συγγραμμάτων

231 1374 400 1468 φρονήσειν
410 1371 624 1460 ὑπολαμβάνω.
646 1369 682 1442 οὔ
696 1374 753 1464 γάρ
768 1373 864 1460 μόνον
874 1375 908 1444 τά
921 1378 1006 1455 ξένον
1018 1384 1072 1461 τῆς
1082 1372 1272 1456 ὑποθέσεως,

231 1476 303 1546 οὐδὲ
325 1474 360 1546 ed
375 1486 476 1564 χαρίεν
497 1486 551 1562 τῆς
567 1482 771 1566 προαιρέσεως
785 1476 943 1566 ἐπαγωγὸν
959 1481 1040 1545 ἔσται
1052 1473 1175 1559 ον’τοῖς,
1198 1474 1272 1548 οὔδ’

231 1570 278 1648 δτι
293 1577 453 1664 ψεύσματα
466 1585 589 1649 ποικίλα
605 1574 746 1660 πιθανῶς
759 1609 790 1650 τε
805 1586 857 1649 καὶ
875 1577 1031 1664 ἐναλήθως
1044 1581 1270 1666 ἐξενηνόχαμεν,

231 1678 299 1749 ἄλλ’
316 1681 361 1748 δτι
376 1685 428 1748 καὶ
440 1692 500 1750 τοδν
517 1685 743 1770 ἱστορουμένων
756 1686 882 1750 ἕκαστον
896 1679 952 1750 otiu
965 1679 1179 1768 ἀκωμῳδήτως
1194 1683 1274 1772 πρός

231 1812 316 1863 τινας
331 1782 361 1870 ¹)
382 1783 504 1876 ᾔνικται
515 1791 576 1852 τοῖν
589 1793 726 1853 παλαιοδν
742 1793 877 1870 ποιητῶν
890 1787 991 1866 τεκαὶ
1007 1789 1200 1873 συγγαφίων,
1217 1790 1274 1854 καλ

266 1936 1274 2079 ‘¹trinitansterraar,ueniunt

214 2098 219 2111 ¹
298 2079 404 2146 Balteo,
423 2080 584 2130 Scbmiederi
595 2080 711 2148 vestigia
723 2081 886 2149 pressimus,
907 2073 1016 2133 οἲνιὲναι
1028 2078 1199 2149 recipientia.
1229 2079 1276 2132 Si·

301 2147 378 2200 milis
400 2147 517 2199 variatio
538 2146 630 2200 adfuit
649 2148 678 2200 in
695 2149 800 2218 Quom.
821 2150 893 2202 Hist.
910 2149 1026 2200 Censor.
1046 2164 1070 2201 c.
1089 2166 1131 2214 44.
1148 2152 1276 2204 συνεῖναι

300 2227 331 2268 et
346 2215 477 2270 συνιέναι.
512 2218 543 2282 e)
562 2211 789 2283 ἀνάπαυσις]
807 2218 887 2286 „Alii
900 2212 1055 2285 ἀνάγνωσις
1066 2217 1139 2270 Coll.
1174 2220 1212 2271 At
1229 2218 1274 2271 ni-

300 2285 344 2337 hil
364 2295 434 2336 mut.
454 2285 526 2338 Edd.
548 2290 638 2338 τοττι*ι
673 2287 711 2338 Et
731 2289 801 2339 Cod.
818 2303 895 2355 30¹¹·
913 2287 998 2349 habet
1016 2281 1186 2355 ἀνάγνωσις,
1202 2287 1275 2340 aeri·

297 2354 384 2407 bendi
398 2353 506 2421 vitium,
525 2372 541 2409 e
555 2355 738 2424 praecedente
748 2373 818 2408 voce
832 2351 886 2410 oivoi
919 2373 987 2411 ωσιν
1000 2365 1104 2409 ortum.
1140 2356 1172 2421 f)
1190 2361 1275 2420 τοῖς

300 2441 340 2476 το
352 2418 410 2477 aori
419 2425 515 2491 τοις]
534 2421 763 2492 ,τῶντοιούτων
781 2425 821 2479 Fl.
837 2444 882 2477 rna
898 2443 922 2483 e.
957 2424 1107 2494 Vulgatam
1123 2432 1190 2477 cett.
1204 2424 1275 2478 Edi-

217 2498 233 2519 *
299 2493 411 2544 tionum
429 2493 525 2544 firmat
541 2495 610 2550 Cod.
625 2496 679 2546 P.“
721 2493 1205 2564 g)atotpa'}et]„1tubeneAltl.
1228 2495 1272 2550 1¹1.

300 2563 336 2614 H.
360 2565 424 2625 Por.
443 2560 548 2635 παρέξῃ
568 2566 591 2616 J.
608 2564 712 2618 male.“
765 2564 801 2632 h)
825 2564 1079 2634 ψυχαγωγίαν]
1106 2565 1150 2632 „J.
1164 2563 1274 2622 mala.“

299 2631 329 2696 i)
348 2628 438 2702 πρός
453 2633 573 2703 τινας]
592 2633 711 2700 „SioFL
726 2635 758 2690 B.
773 2652 797 2687 a.
821 2637 867 2699 (et
880 2638 924 2704 5.)
944 2644 972 2687 at
985 2634 1018 2688 L.
1033 2651 1097 2687 τινα
1115 2640 1182 2686 oett.
1205 2650 1272 2687 orn·

301 2704 387 2758 nea.“
422 2705 551 2755 Acoentu
568 2711 677 2756 mutato
692 2706 783 2755 Reitz.
796 2704 908 2775 scripsit
919 2702 992 2774 πρδς
1006 2699 1100 2771 τινάς,
1119 2710 1220 2756 contra
1230 2702 1273 2757 li·

232 2848 305 2924 nio,
342 2848 465 2932 quippe
490 2870 584 2935 quam
609 2864 730 2933 partem
773 2849 894 2927 ditent,
919 2846 1214 2934 qualequidetidm
1231 2848 1274 2912 de

233 2933 477 2999 exercitationis
492 2941 544 2999 vel
558 2936 731 2997 maximam
772 2935 861 3006 hisce
876 2935 995 2998 libellis
1009 2949 1046 2994 ut
1060 2934 1202 2995 sentiant
1213 2934 1275 2999 lec.

193 3080 198 3093 ,
234 3021 450 3082 arbitrentur:
474 3021 521 3083 ita
541 3022 637 3082 etiam
661 3021 730 3096 his,
773 3039 859 3098 tores,
875 3018 1275 3091 futurumexiatinio.Ne-

235 3106 293 3189 qui
316 3103 457 3165 studium
484 3105 518 3164 in
539 3105 643 3166 literia
669 3127 733 3186 po·
775 3127 838 3188 que
873 3106 959 3166 euim
989 3107 1058 3165 aola
1092 3102 1274 3187 argumenti

235 3202 378 3263 suerunt,
390 3188 563 3250 convenire
581 3187 730 3265 arbitror,
773 3190 997 3274 peregrinitas,
1010 3208 1114 3270 neque
1130 3184 1225 3270 quod
1235 3186 1273 3248 in

235 3289 273 3334 ut
294 3287 369 3355 post
388 3277 519 3332 multam
543 3273 732 3334 severiorem
775 3274 848 3355 ipro
865 3274 1004 3334 coneilio
1018 3286 1189 3334 venustum
1205 3285 1272 3349 eat,

236 3359 410 3420 lectionem
425 3358 592 3418 remittant
605 3356 734 3440 cogita·
776 3358 864 3440 ipsos
888 3359 1027 3436 alliciet,
1057 3378 1162 3437 neque
1185 3354 1275 3439 qnod

236 3444 378 3520 tionem,
402 3456 434 3504 et
451 3440 490 3503 ad
503 3442 631 3503 fututor
643 3441 734 3502 labo·
775 3442 942 3504 mendacia
958 3443 1046 3503 varia
1060 3439 1224 3523 probabili
1241 3453 1276 3503 et

236 3549 285 3588 res
302 3528 487 3588 alacriorem
495 3524 638 3587 reddant.
647 3525 734 3586 Gon·
773 3527 943 3588 'verisimili
965 3525 1112 3587 oratione
1126 3523 1276 3606 protuli-

238 3614 370 3671 venians
391 3610 582 3680 autemillis
605 3611 733 3693 requies
775 3633 846 3672 mua
857 3654 867 3689 ,
904 3609 960 3674 sed
982 3611 1079 3671 etiam
1104 3607 1192 3690 quod
1213 3628 1276 3671 σοι

181 3744 191 3761 ,
238 3697 423 3779 contingat,
447 3697 475 3756 ai
489 3697 522 3756 in
536 3696 577 3755 iio
589 3693 734 3778 legendis
776 3718 857 3774 rum,
871 3717 951 3778 quae
968 3707 1147 3772 narrantur,
1159 3710 1275 3753 unum·

239 3795 416 3858 versentur,
442 3801 601 3863 quaenon
615 3778 734 3839 nudam
778 3781 928 3867 quodque
957 3801 1024 3840 non
1047 3779 1117 3841 aine
1149 3776 1275 3842 comica

237 3861 334 3922 modo
353 3885 395 3924 ex
416 3865 601 3926 urbanitate
623 3880 655 3925 et
677 3887 737 3926 ve·
779 3864 915 3951 quadam
946 3863 1276 3942 hilaritaterreapeo-

237 3961 367 4007 nustate
384 3947 627 4010 delectationeni
646 3971 737 4033 prae·
778 3965 846 4011 tum
881 3952 1044 4010 occultum
1076 3941 1197 4005 babent
1233 3940 1275 4005 ad

238 4030 351 4102 beant·
376 4032 431 4091 ted
447 4034 666 4117 cognitionem
685 4049 736 4095 et·
780 4032 933 4117 quosdam
944 4046 1083 4092 veterum
1095 4035 1275 4107 poetarum,

240 4116 302 4174 iarn
326 4135 392 4176 non
411 4115 604 4179 ineruditam
622 4140 737 4201 ruppe.
780 4132 812 4180 et
836 4112 1079 4188 historicorum,
1103 4126 1136 4173 et
1158 4110 1277 4194 philo-
