2634 4680
244 299 284 348 sn
312 295 494 363 Qnuonono
521 295 702 345 susionis
729 296 786 345 ειτ
813 297 964 348 consen.
1074 276 1153 380 585.

90 449 95 459 “
137 443 216 506 Eat.
230 447 253 508 l.
266 450 297 512 8.
317 438 378 507 Ἐν
392 436 556 528 Εὗρύπῳ)
578 441 680 522 Supra
701 436 758 506 ἐπ’-
776 433 919 531 Εαίρύπῳ
942 442 1027 507 dixit
1051 444 1151 508 initio

57 528 155 609 hujus
172 550 240 610 cap.
253 537 305 598 28.
323 542 356 589 et
370 527 455 612 infra
478 527 594 587 iterum
616 547 726 587 versus
746 526 888 607 ejusdem
909 530 1024 610 capitis
1043 529 1151 594 finem.

54 612 185 674 Sonsn.
230 613 351 675 Confer
366 611 498 673 omnino
515 630 591 670 mox
614 631 642 672 ο.
659 618 712 678 38.
735 609 794 670 ubi
812 613 846 676 έν
866 607 1014 698 ’θλύνθῳ
1041 615 1173 681 endensi

54 697 164 758 modo.
207 698 247 758 Id
266 711 314 758 est
333 696 374 756 ad
388 698 438 756 vel
448 718 558 777 prope,
580 717 647 755 non
666 699 762 776 plane
783 699 815 756 in
837 697 907 777 ipss
926 696 1152 783 urbe‘Europo.

54 781 176 847 Aelian.
190 782 229 848 V.
247 784 290 846 H.
304 782 342 856 Ι,
358 784 410 848 25.
434 782 465 844 έν
478 787 658 854 Πλαταιαῖς,
687 779 729 838 ad
743 779 901 862 Plataeas,·
920 782 1003 847 ibid.
1025 787 1058 849 ἐν
1082 793 1155 867 Mn.

55 865 146 948 κάλῳ,
170 867 212 928 at
227 866 380 950 Mycalen.
422 862 474 924 Ad
489 884 570 946 quse
586 863 681 926 verbs
698 863 790 927 Perit.
809 863 874 926 duo
888 868 951 927 alis
965 869 1085 930 similis
1099 869 1175 930 adr
1288 870 1291 887 '

57 950 166 1031 ducit,
188 966 238 1030 et,
261 951 399 1010 Latinos
416 948 575 1009 interdum
589 947 700 1009 eodem
715 947 811 1010 modo
823 952 934 1031 loqui,
958 951 1061 1014 docet.
1104 955 1155 1015 Its
1175 996 1178 1000 -

58 1057 189 1117 quoqne
206 1038 252 1101 ἐπὶ
267 1037 374 1113 νηυσί,
398 1054 457 1115 pro
470 1033 574 1116 προτί,
582 1037 678 1116 juxta
696 1056 800 1107 naves,
821 1034 953 1096 Homero
977 1036 1157 1113 usitatissi-

57 1143 162 1197 mum,
181 1135 220 1181 ut
231 1118 327 1183 Iliad.
346 1126 392 1197 Ε,
409 1124 481 1185 791.
508 1124 580 1183 Νῦν
594 1111 624 1182 δ’
639 1119 748 1182 ἕκαθεν
760 1113 884 1195 πύλιος,
905 1123 1009 1202 κοίλῃς
1022 1124 1071 1186 ἐπί
1084 1150 1158 1203 νην·

58 1207 89 1267 σί
107 1203 267 1288 μάχονται,
290 1203 379 1266 Nunc
390 1226 457 1264 vero
466 1201 623 1285 proculab
639 1201 710 1262 urbe
721 1226 809 1264 cavas
820 1204 902 1286 apud
914 1229 1002 1266 naves
1011 1224 1155 1289 pugnant.

57 1292 102 1348 Et
120 1299 161 1369 Β,
185 1298 214 1355 4.
229 1291 369 1350 Rursum
384 1295 429 1362 E,
447 1296 497 1355 36·
518 1323 564 1337 -·
582 1296 723 1353 καθεῖσεν
744 1282 792 1351 ἐπ’
814 1282 925 1369 ἠϊόεντι
950 1290 1156 1375 Σκαμάνδρῳ,

57 1374 154 1435 sedere
160 1376 243 1460 fecit
259 1373 295 1433 ad
310 1373 462 1434 herbosum
477 1371 711 1448 Scamandrum,
734 1393 819 1450 non,
841 1377 874 1434 in
890 1375 993 1456 ipsum
1010 1373 1156 1441 fluvium.

60 1460 144 1524 lbid.
162 1468 237 1528 598·
256 1456 342 1547 Στήῳ
355 1455 405 1523 ἐπ’
421 1454 549 1545 ὠκυρόῳ
568 1465 710 1542 ποταμῷ,
739 1461 848 1518 steterit
868 1459 911 1519 ad
934 1460 1070 1542 rapidum
1083 1465 1159 1548 flu-
1228 1533 1231 1537 .

59 1548 148 1604 vium.
191 1543 287 1606 Iliad.
306 1553 345 1620 A,
361 1551 433 1612 428.
457 1542 536 1616 Ζεύς
549 1539 605 1627 γύρ
619 1537 670 1607 ἐπ’
681 1539 834 1606 ’.Ωκέανον
849 1540 917 1623 μετ’
934 1539 1091 1635 ἆμύμονας
1101 1542 1157 1611 At.

60 1636 197 1710 θιοπῆας
210 1626 327 1704 Χθιζός
342 1630 406 1711 ἔβη.
448 1628 552 1688 Immo
573 1642 607 1689 et
625 1630 712 1703 εἰόω,
741 1626 828 1709 quod
848 1629 925 1689 alins
946 1632 1023 1690 intro
1044 1630 1157 1713 signif.

61 1735 119 1794 pro
137 1740 244 1799 usque,
268 1713 324 1790 ad,
347 1711 450 1774 eidem
472 1716 644 1791 usurpatur
657 1713 697 1769 Il.
712 1719 760 1782 A,
777 1718 828 1778 71.
850 1716 895 1774 Et
912 1712 1158 1788 rt3'‘1tsovrecte

60 1799 198 1858 vertitur
212 1798 255 1858 nd
268 1801 415 1878 Trojsm‚
433 1797 474 1859 ΙΙ.Ι
488 1802 532 1874 Ε,
547 1802 619 1863 210.
639 1795 688 1857 Ut
703 1797 870 1858 innumera
884 1797 1025 1882 ejusdem
1040 1800 1159 1867 similia

62 1884 218 1947 omittam.
240 1885 365 1943 Rntnz.
1146 1922 1154 1937 .

145 1965 223 2027 Eat.
236 1971 259 2027 l.
273 1973 303 2034 9.
320 1958 521 2049 Ἐπελύσεις)
543 1965 594 2025 Ex
609 1965 674 2026 Ms.
690 1963 849 2030 scribend.
872 1967 924 2030 καί
946 1959 964 2032 ti
981 1965 1160 2049 θαμμαστύς

63 2049 256 2135 συγγραφεύς
262 2101 272 2132 ,
295 2048 385 2133 ύῳελς
398 2047 452 2125 τὰς
468 2052 500 2114 ἐν
516 2046 658 2132 Εὐρώπῳ
670 2052 850 2133 γιγνομένας
863 2047 983 2134 σφαγείς
994 2050 1157 2128 τοςαύτας,

63 2140 115 2201 καὶ
129 2134 296 2215 ἐπελύσεις,
323 2138 374 2199 καί
388 2133 524 2210 σπονδὰς
545 2131 718 2219 ἀναγκαίας.
762 2135 802 2195 Et
827 2135 943 2196 divinus
960 2135 1012 2196 itte
1032 2141 1160 2220 scriptor

58 2225 254 2305 praetermisit
269 2237 367 2283 tantas
385 2217 428 2280 πεί
442 2220 592 2303 Europum
604 2237 725 2301 strages,
742 2235 769 2280 et
782 2223 992 2302 impressiones,
1016 2221 1158 2308 etfoetle·

64 2333 99 2367 ra
113 2310 284 2367 necessaria.
322 2306 360 2365 In
376 2305 515 2388 vulgatis
532 2303 705 2379 έπελεύσεες.
740 2303 805 2366 sed
819 2300 993 2370 ἐπελαύνειν
1008 2322 1072 2384 est,
1090 2310 1162 2367 'im-

62 2395 238 2474 pressionem
245 2391 349 2478 ficio,
366 2393 502 2453 incurro:
522 2391 677 2450 utstatim
692 2395 777 2456 029.
794 2392 846 2454 καί
858 2387 1023 2473 πόρρωθεν
1038 2392 1160 2456 ἐπελαυ-

64 2474 183 2540 νόντων
202 2479 269 2551 δέος
285 2478 435 2556 ἐμποιεῖν,
459 2488 491 2535 et
504 2478 617 2555 procul
636 2473 854 2536 advenientibus
870 2491 1007 2536 terrorem
1017 2480 1163 2558 ὑιοτιίινιῖ

66 2575 100 2620 et
116 2583 142 2619 c.
160 2568 210 2628 31.
227 2560 251 2622 f.
272 2557 295 2640 ἢ
313 2568 376 2634 πῶς
399 2561 533 2635 δέξονται
556 2564 615 2622 τῶν
635 2556 808 2639 ἐλεφάντων
831 2561 984 2638 ἐπέλασιν,
1012 2560 1162 2646 quomodo

65 2643 282 2725 elephantorum
299 2647 433 2703 incursus
448 2646 605 2724 excipient.
630 2643 765 2705 (λαλεῖ.
808 2641 945 2705 Adde-c.
957 2653 1008 2713 31.
1027 2647 1064 2707 C.
1089 2646 1164 2706 Νή-

67 2730 133 2808 vig.
148 2749 174 2787 c.
190 2735 241 2795 86.
283 2728 398 2787 Exstat
414 2727 508 2785 etiam
525 2727 560 2784 in
573 2725 629 2792 W.
641 2728 676 2786 P.
695 2739 726 2786 et
741 2727 783 2788 L.
797 2727 885 2811 quod
901 2743 1007 2791 nutem
1029 2730 1065 2789 in
1082 2734 1164 2791 vul-

68 2812 149 2896 gatis
166 2827 213 2870 est
227 2807 408 2886 ἐπελεύσεις,
431 2828 564 2891 pravum
579 2824 637 2869 est.
665 2810 792 2913 Sospn.

151 2894 230 2957 Εαιί.
245 2900 268 2956 l.
285 2902 333 2961 11.
357 2890 500 2978 Σκύρονς
510 2895 710 3001 παμμεγέθεις
722 2899 828 2971 αξίονς
852 2890 1046 2978 οἷνούμενον)
1075 2893 1166 2962 Σκύ-

70 3005 145 3062 ρους
157 2981 358 3064 παμμεγέθεις
372 2981 424 3044 καί
438 2985 552 3043 πολλοῦ
567 2983 670 3056 αξίονς
692 2974 724 3042 ni.
746 2980 907 3043 Mincii..
951 2982 1058 3067 Vulgo
1078 2981 1166 3073 legi-

68 3080 121 3125 tur
129 3115 140 3142 ,
162 3058 243 3147 ύροῖν
261 3067 427 3146 Μαλχίωνα
438 3061 493 3129 τύν
515 3059 617 3143 Σύρον
640 3068 671 3130 ἐν
688 3070 872 3152 Καισαρείῳ,
895 3061 1028 3150 σκύρονς
1044 3092 1167 3147 παμμε-

73 3150 175 3233 γέθεις
186 3145 289 3226 ἆξίονς
305 3146 488 3229 ὠνούμενον.
509 3149 587 3211 Non
602 3149 708 3225 video,
730 3150 808 3234 quin
823 3163 907 3212 recte
917 3155 1053 3235 legatur.
1075 3152 1168 3214 Mar·

73 3234 160 3295 cilius
171 3235 268 3319 legit,
292 3232 434 3320 Σκύρονς
447 3235 646 3319 παμμεγέθεις
659 3237 710 3300 καλ
726 3240 841 3300 πολλοῦ
854 3231 959 3311 ἆξίονς
977 3230 1166 3318 ὠνούμενον·

72 3340 132 3380 nec
149 3317 204 3380 dat
218 3340 370 3381 caussam.
413 3319 539 3402 Quidni
556 3334 662 3382 sutem
675 3320 757 3380 scari
772 3320 839 3399 illi,
860 3320 937 3382 licet
949 3323 1166 3406 παμμεγέθεις,

71 3418 250 3484 potuerunt
266 3426 368 3488 seque
388 3405 468 3477 viti,
498 3426 535 3466 ss
557 3425 673 3488 magno
696 3404 801 3487 pretio
823 3405 1033 3467 constitisse?
1056 3404 1168 3479 Adde,

73 3486 163 3568 quod
181 3504 308 3550 estnon
324 3490 434 3571 inepta
451 3488 622 3550 antithesis
640 3490 840 3572 παμμεγέθεις
855 3502 889 3551 st
904 3482 1021 3567 ἆξίονς.
1063 3490 1169 3551 Inter·

72 3591 147 3652 pres
162 3573 300 3634 Latinus
313 3589 415 3635 totam
430 3595 542 3635 vocem
557 3566 662 3650 ύξίονς
675 3587 797 3636 vertere
809 3575 941 3655 insuper
951 3573 1078 3637 habuit.
1100 3574 1170 3635 Vo-

71 3660 146 3717 lunt
160 3672 267 3719 autem
281 3657 377 3720 verbs
385 3703 396 3734 ,
417 3658 518 3721 videns
531 3657 734 3721 Malchionem
747 3658 854 3743 Syrum
867 3661 901 3720 in
921 3656 1077 3737 Caesarea,
1100 3680 1170 3721 scs-

73 3764 124 3803 sns
141 3746 285 3825 ingentes,
315 3744 398 3820 bene,
428 3743 495 3805 sire
516 3742 572 3805 vili
582 3748 677 3829 pretio
697 3758 846 3808 mentem.
889 3743 1108 3828 Aristophanes
1131 3742 1170 3804 in

75 3825 226 3907 Equitib.
243 3848 276 3889 τ.
287 3834 360 3897 642.
377 3832 472 3909 (661.
485 3828 579 3910 Inv.)
1035 3818 1043 3858 ¹

245 3907 293 3979 Ου’
306 3909 426 3979 πώποτ’
445 3908 641 3994 ύῳύαςεέδον
659 3909 829 3996 ύξιωτέρας.

75 3991 130 4065 lbi
144 3994 476 4087 Gnsm'intsrprm
497 4011 583 4060 stsx
604 4019 645 4062 so
668 3998 796 4077 Susidas,
815 3992 1003 4107 Ἀξιωτίρας,
1025 3989 1172 4065 εύωνοτέ·

80 4096 154 4169 ρας,
180 4076 342 4165 τῆς-,μίνΩ
361 4089 461 4169 τιμῆς.
496 4079 597 4163 Ἄξιον
616 4081 690 4170 παρ’
709 4079 854 4161 Ἀττικοῖς
864 4080 900 4151 τὸ
912 4107 1036 4152 ενωνον.
1080 4080 1173 4165 Quae
