2634 4680
177 270 256 341 &4
437 283 1007 335 anaorarronus

261 430 340 493 End.
354 434 378 495 Ι.
395 436 427 498 4.
452 432 495 494 Oi
503 432 556 509 μὲν
567 426 607 509 δὴ
622 422 795 506 ἐπίδοξοι)
815 428 935 491 Omnes
949 428 1074 510 priscae
1085 427 1182 491 Edd.
1193 432 1241 497 A.
1254 438 1278 499 1.

177 518 207 579 J.
220 516 264 577 H.
279 517 317 576 Β.
332 524 362 582 2.
377 518 424 577 Fl.
441 516 476 576 F.
491 517 561 579 Par.
576 514 609 579 S.
623 535 703 593 quas
715 513 770 572 hic
783 512 891 575 dedita
907 535 1004 596 opera
1021 516 1196 593 consului,
1208 515 1279 579 haer

178 604 224 660 ita
237 599 375 660 habent:
401 603 442 663 Oi
452 600 506 679 μὲν
518 596 556 679 δὴ
574 595 725 674 ἀντίδοξοι
738 595 795 663 οὐκ
807 600 925 682 ἔλεγον,
955 593 998 671 ὥς
1011 595 1045 663 rd
1061 596 1171 673 εἰκός·
1197 590 1278 667 οὗτοι

176 675 300 763 diviona
320 688 353 748 oi
363 683 401 747 ri
420 684 495 747 ἄλλο
513 690 761 763 φιλοσοφοῦντες.
804 682 906 743 Immo
926 695 960 743 et
980 682 1061 747 Cod.
1084 684 1141 743 M.
1170 684 1277 747 eaden

176 768 345 844 exbibete,
369 784 504 830 testatur
520 767 668 843 Salonam
692 767 749 847 qui
771 781 879 826 tamen
893 768 1072 846 posteriora
1089 768 1174 843 illa,
1199 758 1277 835 adm

175 856 209 917 di
222 845 302 933 ἦσαν
319 856 352 917 οἱ
362 878 389 915 τ.
404 879 434 915 ο.
448 879 483 933 φ.
498 852 532 911 in
548 852 629 911 Junt.
644 849 822 928 deleverat,
843 852 993 912 nimirum
1007 852 1174 913 olfaciens
1193 860 1276 937 glot-

173 959 240 995 sam
253 959 338 998 esse:
362 936 445 998 idem
461 936 590 997 etmihi
605 934 753 1008 videtum
776 956 850 996 uam
864 935 943 1018 quid
957 933 1046 995 aliud
1061 950 1162 1015 tunt,
1187 960 1276 1023 quan

174 1022 355 1101 explicatio
370 1021 461 1082 verbi
478 1017 646 1097 ἆπίδοξοις
667 1020 820 1096 Interim,
848 1020 926 1101 quia
945 1040 1012 1081 uon
1033 1018 1190 1083 adfertur
1213 1024 1276 1085 Cn-

173 1103 254 1183 dex‚
278 1105 313 1163 in
331 1126 396 1186 quo
411 1105 536 1181 derint,
559 1126 596 1165 ea
609 1105 656 1165 ita
669 1118 829 1165 contextu
844 1102 960 1165 addere
972 1103 1076 1166 totius
1092 1102 1203 1181 doxi3
1227 1106 1276 1171 sod

171 1204 211 1248 ut
228 1205 375 1270 suspecta
394 1192 488 1249 uncia
508 1189 637 1249 inclusi.
659 1190 785 1251 Ram.
827 1188 1044 1249 Manifestum
1066 1202 1140 1267 est,
1173 1190 1276 1255 aliena

169 1271 251 1335 baec
267 1294 336 1335 esse
354 1296 371 1334 a
391 1273 699 1355 Lycini'oratione,
722 1288 819 1354 atque
840 1271 922 1334 adeo
943 1274 1122 1354 glossatori
1144 1274 1274 1337 ouidau

169 1354 288 1418 deberi.
335 1360 437 1419 Recte
453 1359 580 1439 itaque,
601 1356 714 1417 Reitzii
729 1362 910 1439 exemplum
924 1358 1048 1427 secuti,
1071 1360 1274 1423 recentiores

167 1440 322 1502 Editores
334 1442 374 1502 ad
389 1464 488 1501 unum
506 1462 616 1502 omnes
635 1440 714 1500 haec
727 1442 823 1501 verba
839 1462 896 1523 pro
917 1440 1074 1519 suspectis
1091 1456 1272 1521 notarunt,

171 1524 357 1586 Wielandiua
370 1526 467 1585 etiam
483 1546 612 1607 prorsus
631 1526 760 1599 omisit,
782 1546 874 1586 aecus
889 1547 926 1585 ac
940 1522 1082 1600 Baliaris,
1109 1527 1193 1612 qui,
1217 1528 1273 1591 etsi

165 1629 351 1689 persuasum
367 1609 489 1671 babens
505 1609 650 1691 improba
673 1630 758 1687 esse,
782 1624 886 1670 tamen
903 1607 1039 1669 absurdo
1059 1628 1099 1669 ea
1118 1610 1270 1691 reddare,

163 1692 1272 1865 &titillabit:alletiadll⁰⁰15⁵30335⁶31lfl⁰333

1117 1822 1128 1839 ·
1190 1810 1205 1847 ι

163 1858 201 1941 δὴ
217 1802 445 1940 initiatorem.
468 1878 522 1924 ct:
544 1860 701 1945 Oid'doa
722 1867 841 1927 ἰδιῶται
853 1877 914 1923 etc.
958 1860 1057 1943 Quod
1080 1862 1185 1927 aliter
1209 1888 1271 1929 uo-

162 1966 250 2007 cesse
266 1962 314 2008 est
330 1970 363 2009 ae
379 1947 511 2021 habere,
538 1948 595 2008 ubi
612 1948 828 2031 interjioiatur
846 1946 1024 2025 sententia,
1053 1966 1143 2030 quae
1157 1948 1270 2015 endon

161 2050 179 2089 a
192 2032 350 2113 particula
365 2034 397 2097 δὲ
409 2033 555 2111 incipiat.
578 2035 697 2097 Lauro.
814 2086 819 2095 .

245 2114 324 2177 Ibid.
349 2114 455 2192 Εἰκός.
469 2113 576 2199 Ἑρμ.)
599 2119 638 2176 In
655 2117 801 2178 omnibns
817 2116 977 2197 impressis
993 2130 1026 2179 et
1041 2116 1119 2199 ipso
1139 2118 1270 2183 Codiot

158 2200 210 2262 M.
227 2200 323 2262 verba
340 2202 508 2284 sequentia
529 2200 583 2261 hic
598 2202 716 2262 inserta
737 2201 945 2285 legebantur:
976 2192 1063 2267 miror
1080 2204 1117 2267 δὲ
1135 2195 1270 2285 daunai

157 2280 196 2346 td
212 2282 288 2348 itta
301 2294 559 2365 φιλοσοφοῦντες,
583 2286 705 2346 insulse
726 2307 872 2365 prorsus,
897 2287 1077 2370 siDialogi
1102 2280 1268 2369 perronae

156 2368 360 2433 tribuantur:
384 2375 514 2431 exulare
527 2371 637 2451 itaqne
651 2390 711 2451 ego
729 2371 825 2449 jussi,
856 2393 927 2431 eum
942 2376 1045 2451 palam
1062 2374 1125 2443 sit,
1150 2372 1268 2439 Scho-

155 2450 227 2512 lion
243 2475 364 2515 merum
379 2475 464 2530 esse,
489 2453 568 2537 quid
582 2475 639 2537 per
650 2451 803 2533 ἀντίδοξοι
814 2456 971 2518 Lucinam
986 2456 1149 2537 voluerit,
1170 2480 1267 2525 auat.

154 2557 238 2596 rans.
260 2539 385 2604 soria.
496 2574 504 2599 s

239 2622 318 2684 End.
337 2630 359 2685 l.
380 2632 428 2690 10.
461 2627 626 2710 Μαργίτῃ)
657 2625 776 2686 Erosmi
797 2623 981 2687 Chiliadcsr
1009 2622 1058 2685 ibi
1079 2632 1264 2713 Μαργίτης.

152 2705 265 2768 Boon.
312 2707 384 2769 Cum
401 2711 557 2791 Mar-gira,
580 2712 683 2771 inerte
700 2726 732 2771 et
747 2710 868 2769 nullius
884 2710 981 2790 pretii
992 2709 1188 2795 stolidoque
1205 2712 1266 2783 hc.

151 2790 250 2851 mine.
294 2794 440 2878 Mor-gitis
454 2795 539 2856 enim
555 2794 701 2856 meminit
712 2817 752 2856 ex
764 2795 898 2856 Homero
907 2796 1036 2857 Aristot.
1050 2809 1152 2877 atque
1166 2796 1263 2861 Glutt.

150 2873 248 2936 Alex.
264 2878 433 2939 Demosth.
448 2877 532 2960 apud
549 2880 631 2942 Plur.
648 2879 864 2939 Alexandrum
878 2890 1011 2960 puerum
1029 2893 1061 2941 ot
1074 2881 1262 2963 Margitout

149 2960 346 3026 nominabat.
371 2965 480 3025 Cooa.
514 2962 658 3043 Honori,
680 2972 784 3048 puppi.
815 2962 1043 3025 DebocSuid.
1060 2984 1103 3023 cx
1117 2966 1260 3053 Hmyclr.

148 3041 270 3128 Interp.
285 3048 383 3109 Arist.
401 3048 442 3109 ad
457 3070 538 3113 aves.
562 3052 696 3113 Bonan.
740 3048 912 3129 Scripsisse
928 3048 1102 3121 Homerum,
1114 3058 1260 3131 poema..

148 3127 247 3211 tium,
270 3135 323 3190 cui
341 3133 403 3193 hoe
419 3154 536 3192 nomen
551 3135 688 3205 fecerat,
713 3132 888 3195 Aristoteles
905 3130 993 3192 haud
1016 3131 1114 3195 dubio
1137 3150 1259 3205 auctor

147 3228 213 3289 est,
239 3214 278 3275 de
293 3218 384 3281 Post.
402 3240 427 3278 c·
441 3224 471 3284 4.
494 3217 555 3280 Sed
571 3217 699 3278 Homeri
712 3219 835 3279 foetum
859 3237 927 3277 esse
948 3215 1077 3277 dubitat
1093 3217 1257 3299 Buciliucj

145 3295 222 3357 Lib.
240 3298 279 3361 dc
298 3305 381 3385 legg.
396 3303 452 3360 Gr.
478 3303 590 3378 (Grot.
606 3302 657 3361 ed.
680 3309 752 3367 990.
769 3299 828 3384 C.)
843 3301 990 3363 Junioris
1011 3314 1043 3364 et
1060 3301 1149 3373 vires
1173 3318 1257 3368 tou-

144 3383 244 3443 tantis
262 3385 389 3446 Homeri
403 3408 470 3447 esse
486 3387 649 3447 existimat
672 3387 755 3447 Dion
771 3384 919 3470 Cbrysost.
935 3407 1008 3467 pag.
1026 3385 1183 3451 CXXIV.
1202 3386 1255 3457 ed.

142 3464 268 3551 Barnea.
283 3469 405 3530 Iliados
427 3470 683 3553 praemissorum.
725 3472 848 3532 Iterum
864 3472 950 3530 infra
965 3469 1112 3551 Pbilops.
1127 3492 1203 3556 cap.
1219 3482 1253 3545 3.

143 3551 274 3613 soria.

141 3719 168 3779 B
227 3635 305 3697 End.
322 3634 518 3708 l.13..‘tlc’
539 3641 657 3707 inclino
678 3637 848 3727 λεγόμενα)
879 3622 1011 3725 Castigo
1025 3616 1088 3704 'in’
1108 3640 1254 3711 tastum.

172 3741 307 3868 middl-
331 3809 478 3893 Αἴρεσιν)
504 3812 838 3891 marcionitarum.
1116 3764 1145 3787 ’,Ι
1221 3864 1224 3873 .

224 3889 304 3951 End.
319 3896 341 3955 l.
357 3901 408 3961 14.
430 3890 556 3974 Ἀξιών)
579 3899 678 3957 Forte
698 3889 804 3972 ἆξίον,
835 3896 1084 3972 animationem,
1104 3897 1249 3977 pretium

143 3974 275 4038 Gerar.
320 3978 454 4061 Duplex
469 4003 537 4042 esso
556 3995 679 4063 potest,
703 3978 791 4063 quod
810 3978 955 4055 videam,
977 3980 1048 4057 via,
1073 3982 1248 4061 qnaloci1

142 4057 245 4141 qualis
261 4081 348 4122 nunc
363 4063 397 4122 in
415 4066 562 4127 omnibus
577 4066 669 4126 libris
686 4065 787 4124 facies
801 4067 870 4145 ejus
884 4079 951 4141 est,
975 4063 1130 4147 asperitas
1146 4068 1248 4127 tolla·
