2634 4680
267 310 332 357 in
385 306 956 360 urnannrcrusrt.
1093 291 1169 367 697

66 460 181 521 rimnm
199 476 267 518 esse
281 454 420 538 facinus,
440 467 565 514 tantum
580 456 683 516 scelus
699 451 739 514 de
754 451 860 515 medio
874 453 1049 517 sustulisse.
1072 457 1169 520 June.

72 551 140 607 Ζῶν
156 540 218 626 ἔτι)
241 541 281 601 Ια
298 539 449 600 omnibus
477 538 630 620 seriptum
647 539 780 601 invenio
800 542 901 616 ζοῖυτι,
927 540 1014 622 quod
1032 563 1102 601 oum
1117 564 1195 623 pa„

67 634 131 689 lam
152 623 333 688 sententiae
354 622 560 701 adversetur,
583 626 730 684 exsulare
753 621 914 703 jussimus.
957 623 1172 689 Emendatio·
1236 664 1239 669 ·

68 707 149 773 nem¹
160 725 302 771 nostram
324 705 495 767 firmabunt
517 712 589 769 loca
604 727 692 790 seqq.
706 702 748 788 μὴ
771 701 952 783 ἀξιώσαντες
966 705 1174 794 ἀπαγορεῦσαι
1232 762 1235 767 .

70 803 182 873 ζῶντας
199 797 241 858 ἔτι
257 796 289 858 ἐν
305 785 481 874 ὀφθαλμοῖς
494 800 554 856 τοῖν
569 795 707 869 οἰκείων,
731 789 855 860 Anach.
872 814 899 854 a.
917 801 968 862 38.
998 797 1042 854 Et
1057 797 1090 854 in
1106 797 1172 857 Na·

69 883 136 964 vig,
153 904 179 942 c.
197 886 249 946 40.
268 873 344 965 όρρῖς
361 873 410 941 οἷα
425 877 479 955 μὲν
496 883 553 952 ζῶν
569 877 615 961 ἔτι,
626 877 698 954 ἕξεις
714 871 875 959 πράγματα
887 876 995 955 δεδιώς
1008 883 1058 944 κοιλ
1072 886 1175 962 ωρον-

69 967 159 1041 τίζων
178 967 228 1028 καὶ
243 962 376 1045 κάμνων.
406 962 451 1020 Et
468 963 544 1024 Ver.
559 960 646 1022 Hist.
661 960 707 1022 II.
726 981 753 1023 c.
770 967 820 1026 10.
837 963 866 1025 τί
878 959 1031 1040 παθόντες
1047 966 1089 1029 ἔτι
1103 972 1174 1042 ζῶν·
1250 1029 1255 1039 ,

71 1077 119 1124 τες
135 1054 219 1131 ἱεροῦ
233 1050 347 1131 χοορίου
364 1047 551 1128 ἐπιβαίημεν.
596 1043 670 1106 Vid.
685 1044 726 1105 ΙΙ.
744 1051 787 1123 Σ,
805 1051 857 1111 1οι
879 1046 1010 1112 Sanan.
1056 1053 1175 1129 Zuivrt)

70 1134 211 1195 Videtur
228 1131 362 1194 omnino
377 1129 548 1213 legendum
563 1133 633 1204 ζοῖν.
650 1129 754 1190 Girsu.
790 1127 860 1194 Za'iv
875 1131 936 1212 ἔτι)
952 1132 1080 1195 Veritas
1097 1157 1177 1197 con.
1255 1148 1259 1157 “

73 1224 217 1302 jacturae
235 1215 343 1278 Saloni
357 1215 401 1274 ita
418 1235 451 1274 se
465 1213 545 1273 mibi
562 1213 731 1293 probavit,
755 1227 792 1273 nt
809 1213 901 1276 fidem
917 1215 1073 1289 librorum
1089 1220 1123 1278 in
1140 1240 1176 1283 re
1244 1232 1261 1247 '¹

74 1318 138 1364 tam
161 1313 272 1382 aperta
293 1315 324 1361 et
341 1297 521 1359 mutatione
544 1296 625 1359 adeo
647 1296 764 1378 exigua
787 1312 972 1379 exspectare
990 1300 1077 1362 nihil
1092 1325 1175 1385 opus

76 1386 240 1460 duxerim,
265 1397 297 1445 et
315 1406 386 1444 cum
410 1383 515 1443 versio
538 1403 575 1443 ao
590 1395 669 1442 nota
694 1381 814 1444 Gesneri
834 1403 966 1465 qnoque
981 1385 1029 1445 sie
1051 1386 1174 1468 jubeat,

75 1486 167 1530 tanto
183 1468 283 1552 magis
296 1468 427 1550 utrique
442 1466 671 1548 obtemperavi.
704 1467 819 1528 Potest
833 1467 961 1551 quidem
978 1468 1018 1528 ad
1031 1471 1175 1552 priorum

75 1555 256 1616 editionum
274 1552 445 1615 lectionem
462 1551 567 1612 versio
584 1551 631 1611 ita
654 1547 856 1634 detorqueri,
880 1566 918 1612 ut
938 1553 1055 1637 aliquis
1071 1550 1176 1618 inesse
1205 1624 1213 1642 ·

76 1661 187 1701 sensus
208 1650 379 1719 appareat,
402 1633 457 1696 sed
481 1635 508 1695 is
532 1634 612 1696 adeo
635 1634 734 1716 friget
758 1657 832 1716 prae
854 1636 1175 1719 assimulatione,
1199 1676 1202 1683 ,

75 1740 113 1783 ut
127 1726 244 1784 frustra
261 1722 349 1781 illam
366 1719 536 1782 defendere
554 1739 696 1802 quaeras.
740 1720 811 1784 Jam
824 1721 912 1785 ‚enim
928 1743 1001 1784 vera
1017 1738 1106 1805 patet
1118 1746 1176 1806 op·

74 1808 218 1889 positio,
244 1804 323 1888 qnid
346 1807 428 1864 vivus
445 1803 530 1864 filius
548 1803 763 1884 praestiterit,
788 1803 869 1885 quid
893 1822 1033 1870 mor-tuus.
1077 1809 1176 1881 Inep
1272 1808 1275 1813 ’

76 1894 162 1954 enim
186 1890 235 1955 vis
257 1888 437 1972 argumenti
456 1903 616 1964 versatur,
639 1909 744 1970 neque
768 1887 848 1972 quid
864 1893 947 1951 vivus
963 1908 1049 1974 pater
1072 1891 1111 1952 ab
1135 1913 1175 1955 eo

78 1997 191 2058 passus
214 1974 333 2047 fuerit,
361 1971 417 2031 hio
439 1987 594 2036 narratur.
622 1973 747 2032 Rnrrz.
799 1974 893 2034 Hanc
919 1975 1176 2039 emendationem

76 2059 232 2142 probavit
251 2056 374 2117 Censor
387 2055 478 2119 Edit.
496 2056 593 2118 Reitz.
606 2057 641 2116 in
655 2057 764 2117 Novv.
783 2050 869 2120 A'ctt.
893 2058 1016 2119 Erudd.
1034 2083 1062 2125 a.
1081 2066 1175 2132 1745.

77 2168 109 2227 p.
126 2153 201 2214 246.
217 2157 249 2204 et
263 2141 365 2215 secuti
378 2141 474 2203 etiam
494 2156 716 2219 suntreoentt.
731 2141 891 2207 Editores.
915 2144 1036 2209 Lanu.
1278 2139 1281 2149 ’

163 2231 365 2311 Pag.325.l.
384 2234 411 2293 1.
437 2219 596 2303 Ἐλπίδος)
620 2226 693 2309 Spes
712 2249 770 2308 pro
792 2243 870 2287 metu
891 2230 918 2287 si
940 2227 1086 2294 absolute
1110 2252 1179 2294 non

79 2315 209 2391 dieitur,
237 2319 285 2391 (ut
300 2311 450 2372 nonnulli
463 2326 600 2395 negant,
615 2311 699 2372 inter
715 2333 795 2394 quos
812 2311 936 2373 Vossius
950 2314 1031 2374 Inst.
1046 2315 1102 2377 Or.
1118 2318 1178 2390 IV,

82 2411 140 2479 12,
158 2404 208 2477 3.)
226 2413 333 2459 tamen
350 2418 408 2478 pro
425 2397 665 2477 exspectatione
684 2409 747 2456 tam
762 2396 981 2473 adversarum,
1007 2420 1100 2481 quam
1117 2403 1182 2465 bo-

81 2509 194 2546 narum
213 2504 339 2555 rerum,
368 2481 499 2542 Graecis
522 2502 623 2563 aeque
643 2502 680 2540 ao
700 2480 829 2541 Latinis
851 2480 936 2561 dici,
966 2485 1079 2566 peritis
1101 2487 1197 2548 satie'

82 2585 214 2641 notum;
239 2566 285 2626 sic
299 2587 376 2626 mox
392 2587 420 2628 o.
441 2573 490 2632 11.
507 2566 532 2628 f.
549 2569 594 2640 τίς
609 2567 691 2638 ἐλπὶς
703 2574 760 2629 τοῦ
773 2561 885 2648 φόβου,
908 2566 967 2626 ubi
980 2572 1071 2648 plura
1085 2571 1183 2638 simil.

85 2653 242 2712 dabimus.
286 2649 329 2707 Et
347 2670 374 2708 c.
394 2657 443 2717 18.
459 2644 625 2729 μελλόντων
644 2651 763 2724 ἐλπίδας
781 2647 914 2732 χρόνων,
938 2648 1026 2731 quod
1040 2653 1184 2719 Erasmus

86 2737 205 2807 vertit,
236 2736 342 2817 quique
361 2736 392 2793 in
411 2749 559 2814 posterum
579 2733 770 2794 imminebant
788 2750 898 2815 κτείνας
919 2735 1057 2815 densius,
1067 2739 1184 2882 dfretur.

86 2839 207 2903 tempor.
223 2819 374 2880 horrores:
397 2815 451 2878 sed
467 2816 540 2899 quia
558 2818 655 2882 ἐλπίδι
666 2816 764 2899 φόβος
776 2817 916 2897 additur,
940 2819 1043 2900 dices,
1089 2824 1184 2886 istin.

88 2907 144 2988 gui
167 2926 184 2963 a
205 2918 283 2964 metu
304 2922 393 2983 spem
414 2905 546 2964 malam:
574 2917 678 2983 recte3
707 2917 741 2962 at
763 2924 829 2963 non
853 2902 916 2962 alio
940 2903 1056 2987 gradu,
1087 2928 1183 2989 quam

87 2989 260 3070 temporis;
285 2984 386 3070 φόβος
405 2985 490 3045 enim
508 2989 598 3047 timor
612 3008 636 3047 s.
650 3003 743 3050 terror
763 3003 811 3048 est
826 2986 866 3047 ob
886 2992 970 3048 mala
984 2992 1182 3072 praesentia,
1257 2984 1260 2991 ¹

88 3076 169 3148 ἐλπὶς
182 3079 282 3139 κακῶν
296 3070 585 3156 metusfieturorum,
607 3093 632 3134 a.
649 3076 829 3155 exspectatio
842 3071 1004 3152 malorum,
1029 3074 1115 3158 quod
1129 3099 1183 3140 eo·

90 3159 159 3219 dem
177 3157 271 3222 redit.
316 3155 483 3217 Herodian.
498 3157 540 3216 1..
552 3165 584 3234 2,
600 3164 630 3234 1,
648 3163 699 3225 16.
717 3157 819 3221 Πάλαι
835 3157 889 3240 μὲν
904 3157 973 3223 τόδε
986 3157 1020 3224 τό
1035 3163 1115 3237 τέλος
1129 3168 1187 3229 τοῦ

88 3248 159 3327 βίον
177 3241 258 3324 εἶχον
271 3233 312 3307 δι’
326 3242 462 3313 ἐλπίδος,
485 3241 563 3303 buno
578 3245 692 3304 exitum
708 3246 784 3303 vitae
796 3243 838 3323 (i.
856 3264 882 3305 e.
897 3264 1006 3304 neeem
1023 3267 1042 3305 a
1056 3268 1185 3328 percus·

88 3327 214 3388 soribus
231 3324 401 3408 immissis)
419 3324 472 3386 diu
483 3327 637 3408 sperabam
653 3328 675 3390 i.
692 3348 719 3392 e.
735 3326 921 3388 metuebam.
945 3328 1030 3410 Scio,
1052 3356 1132 3412 spem
1146 3353 1184 3392 ao

88 3429 196 3475 metum
211 3433 280 3474 esse
297 3410 467 3492 opposita3
493 3409 632 3494 ideoque
651 3433 718 3472 non
731 3410 814 3473 idem
830 3416 945 3473 valere.
969 3414 1030 3475 Sed
1046 3417 1073 3474 si
1088 3414 1186 3479 addas

79 3499 274 3587 futurorum,
298 3493 448 3575 dicasque
467 3510 573 3557 metum
584 3495 777 3582 futurorum,
801 3510 885 3557 reete
900 3495 1032 3575 dixerim
1057 3513 1091 3560 et
1104 3499 1186 3563 hino

91 3604 186 3662 saepe
209 3584 334 3655 ἐλπίζειν
358 3579 415 3638 alii
438 3576 539 3655 οἳπλοίς
558 3598 681 3642 metuere
702 3594 884 3667 verterunt,
905 3581 993 3643 utin
1011 3581 1188 3653 Herodiano

92 3667 303 3746 saepissime‚¹‚
324 3684 384 3724 neo
404 3669 504 3741 male,
528 3667 604 3746 quia
626 3687 667 3726 ex
688 3664 893 3749 sequentibus
914 3666 991 3728 tatis
1016 3683 1123 3749 patet,
1146 3667 1188 3729 ad

92 3753 203 3811 futura
224 3751 314 3810 illum
335 3763 454 3807 metum
480 3748 611 3811 referri..
646 3749 708 3810 Sed
732 3749 888 3811 ratisbon
912 3752 964 3836 egi
987 3752 1022 3811 in
1039 3752 1124 3815 libro
1148 3752 1188 3815 de
1282 3790 1311 3805 <r

92 3834 262 3916 Ambiguia
278 3856 309 3915 p.
327 3835 400 3901 565.
446 3834 489 3892 Et
508 3828 571 3915 jam
588 3833 709 3894 nimius
725 3834 774 3893 fui
792 3835 826 3894 iu
842 3835 1039 3918 vulgaribus.
1062 3840 1187 3900 Ruina.

178 3922 254 4002 Peg·
271 3925 344 3987 326.
360 3922 381 3979 l.
396 3925 446 3984 10.
471 3910 621 3999 Κτλεόοι)
643 3919 694 3981 Ita
709 3919 746 3983 B.
754 3927 783 3987 2.
794 3934 826 3982 et
835 3918 868 3983 S.
889 3922 1048 4006 Reliquae
1064 3919 1189 3990 κελεύει.

95 4003 248 4171 δοᾝίίςι
263 4097 334 4159 327.
350 4094 370 4155 l.
388 4098 418 4159 3.
452 4086 530 4164 Τούς
552 4089 836 4174 τυραννουμένους)
869 4091 1037 4176 Tyrannide
1054 4107 1189 4158 υτοτοίοε.
