2634 4680
299 308 338 354 in
365 303 492 353 tantu
520 304 721 354 rrrsrontic
746 304 815 355 cta.
843 304 881 352 rr.
1065 284 1140 355 ott

13 449 151 529 'lepida
178 449 382 531 captatlone;
417 472 454 510 ac
479 452 506 510 si
529 451 649 513 Graeca
672 449 779 512 eadem
812 450 897 511 foret
919 451 1137 523 constructio,

13 530 127 616 e'qua'e
141 536 278 605 Latine,
294 551 326 594 et
337 536 463 596 scilicet
474 537 508 594 in
522 534 584 596 hoc
598 536 768 596 certamine
781 534 1056 612 componebantur
1065 555 1136 614 par·

38 635 106 691 tes,
129 618 246 699 quibus
261 620 394 701 plurimi
410 619 681 695 continebantur,
711 633 745 678 et
765 618 822 677 alii
845 617 885 677 ab
907 617 970 677 boc
990 617 1134 693 stabant,

13 704 96 765 calii
113 702 234 766 abillo.
282 702 434 764 Ridicule
447 704 592 765 omnino.
621 703 814 765 Benedictus:
839 700 934 765 cam
945 701 1134 776 Heraclidis,

12 786 129 869 aquod
151 788 286 868 propius
308 786 349 846 ed
366 768 497 870 godium
522 789 677 849 sermonis
695 789 822 848 Graeci.
864 786 928 848 Sed
941 785 1058 847 nullibi
1080 789 1134 845 in-

12 874 135 933 avenio
159 872 275 931 Carum
297 872 387 931 illum
405 877 595 933 luctatorem
616 873 796 956 egregium,
827 871 938 952 inquit
958 870 1132 955 Pedanius.

16 957 142 1038 ‘Quasi
154 976 229 1017 vero
243 956 399 1018 Luciam
411 955 474 1017 buc
486 954 704 1018 introduxerit
716 959 809 1016 telem
822 956 857 1014 in
872 955 964 1015 terris
980 954 1134 1017 celebrem

35 1045 246 1100 luctatorem
283 1043 381 1101 immo
404 1042 477 1124 quia
500 1042 646 1125 egregius
667 1046 807 1101 luctator
825 1040 881 1100 ille
903 1037 1062 1118 Ulyssea?
1093 1059 1134 1098 ex

37 1146 104 1207 quo
122 1125 253 1184 alterius
266 1125 446 1185 adversario
464 1139 569 1207 patet,
599 1145 728 1206 prorant
750 1124 1031 1184 ratiocinationem
1053 1121 1135 1184 Pol-

12 1246 14 1275 ;
33 1211 120 1270 nterii
134 1229 200 1269 non
218 1207 406 1288 procedere:
428 1213 532 1270 multo
551 1211 657 1271 minus
675 1223 711 1268 ut
726 1201 815 1288 ddp’
827 1203 1018 1290 Ἡρακλέους
1030 1206 1134 1287 poeste
1220 1284 1223 1289 Ι

12 1326 15 1347 =
33 1291 147 1369 reddi,
168 1309 236 1373 post
253 1293 411 1355 Herculem
424 1299 554 1376 primur,
579 1291 738 1376 quidquid
759 1292 798 1354 de
812 1293 919 1374 Capro
935 1311 995 1351 suo
1011 1290 1133 1350 sollici·

33 1378 162 1439 tussit.
208 1378 354 1457 Opinor,
387 1380 509 1460 optime
533 1379 703 1440 adnotasse
716 1392 837 1460 patrem
856 1374 1012 1459 Κάρανος.
1053 1373 1131 1435 Nou

12 1501 14 1509 ι
34 1461 373 1544 agiturdeluctatore:
396 1451 719 1547 agiturdeberoibus,
731 1464 817 1524 inter
828 1455 1132 1547 quosmemotebilis

32 1549 178 1606 Caranus
208 1546 404 1610 Heraclides.
427 1548 536 1613 Guora.
581 1547 724 1608 Consule
748 1547 866 1633 Loyd.,
888 1542 1132 1606 honoratissimi
1206 1619 1213 1629 .

31 1632 192 1692 Praesulis
221 1632 461 1713 Wigcrniensis
491 1631 710 1695 doctissimum
739 1647 772 1694 et
797 1632 902 1713 ipsum
931 1628 1054 1707 filium,
1088 1625 1130 1686 td
1166 1705 1171 1715 ι

31 1716 161 1796 Olymp.
178 1714 311 1777 CXLII.
331 1716 428 1780 Gotcl.
449 1716 564 1802 Olymp.
580 1739 597 1777 a
614 1716 699 1778 Scnl.
713 1716 847 1778 editum.
890 1717 1026 1780 Peucon.
1041 1711 1127 1776 suta.

31 1798 108 1879 (sed
131 1800 216 1880 apud
237 1799 324 1860 bunc
344 1823 403 1861 suo
425 1806 499 1862 loco
518 1824 586 1863 non
601 1815 763 1880 comparet
778 1814 835 1861 aut
851 1807 970 1884 Κᾶρος,
993 1811 1051 1857 aut
1064 1789 1128 1860 ltal-
1215 1870 1221 1887 ι

28 1909 111 1966 προς
122 1885 200 1965 illel
216 1886 364 1964 Ulyssem
382 1885 437 1945 hic
451 1885 600 1964 adducit,
632 1886 707 1968 quia
724 1890 898 1949 luctantem
913 1884 992 1946 fecit
1007 1881 1129 1942 Home·-

31 1995 83 2031 rus
100 1973 112 2043 (
120 1969 212 2031 Iliad.
237 1977 284 2043 Ψ,
299 1975 372 2035 710.
387 1984 420 2030 et
435 1973 546 2052 seqq.)
564 1992 635 2030 cum
650 1970 766 2050 Ajace,
789 1990 881 2051 quem
895 1984 928 2030 et
938 1966 1125 2050 prostravit.

29 2057 158 2117 Souara.
201 2052 416 2133 lepidissima
431 2068 477 2114 est
496 2055 873 2134 Wr'elondiiconjectura,
905 2073 964 2113 nec
986 2051 1041 2110 illa
1064 2050 1128 2108 im-

28 2136 218 2220 probabilia,
242 2137 373 2199 linxisse
386 2139 555 2200 Lucienum
571 2139 635 2200 hoc
649 2137 839 2203 Heraclidae
852 2158 981 2214 nomen,
1003 2148 1040 2195 ut
1054 2132 1127 2201 Pat-

28 2224 128 2282 meriis
144 2220 340 2283 Gronoviisve
359 2222 534 2305 aliquando
555 2224 723 2286 exstituris
744 2225 872 2309 negotii
889 2222 1126 2300 aliquantulum

27 2310 215 2382 facesseret,
240 2308 361 2389 quippe
376 2308 532 2385 sollicite,
557 2309 630 2391 quis
648 2310 733 2372 forte
751 2310 845 2372 Corus
860 2311 917 2370 ille
929 2306 1048 2384 fuerit,
1069 2304 1127 2363 in·

24 2390 243 2473 vestigaturis.
265 2393 382 2456 Lartis.
641 2452 649 2464 .

113 2476 189 2536 Ecd.
206 2481 227 2540 l.
243 2481 273 2544 5.
292 2472 424 2561 Ἀρείου)
447 2476 522 2538 Vid.
536 2476 615 2540 Plus.
630 2485 704 2555 396,
720 2488 752 2547 2.
795 2476 857 2540 Sed
871 2477 1019 2537 istamen
1035 2495 1052 2533 a
1066 2495 1126 2534 no·

24 2573 92 2620 etro
117 2560 270 2621 diversus.
294 2561 422 2622 socia.
463 2564 518 2623 De
541 2563 632 2646 Epeo
657 2563 723 2625 vid.
739 2563 863 2625 Homer.
879 2559 971 2625 Iliad.
989 2558 1123 2634 XXIII,

23 2649 98 2712 664.
115 2665 161 2725 sq.
183 2646 303 2705 Lenu.
1111 2670 1116 2681 ·

112 2728 188 2791 Ecd.
203 2733 225 2787 l.
242 2735 272 2794 8.
287 2725 413 2805 Ὃςτις)
436 2729 485 2788 Ita
501 2730 699 2791 restituimus
713 2752 754 2793 ex
768 2731 851 2794 Mas.
865 2729 967 2814 Regg.
980 2731 1075 2797 2954.
1091 2740 1126 2789 ct
1245 2798 1249 2807 ἱ

25 2820 122 2882 3011.
140 2834 198 2892 pro
218 2816 338 2916 vulget.
358 2816 413 2887 τίς.
432 2813 507 2872 Brr.

111 2896 188 2960 Eud.
204 2899 268 2961 1.9.
303 2902 427 2980 Ομηρος
446 2933 490 2945 -
505 2893 600 2981 Ἠσ.)
623 2897 672 2958 Ad
686 2898 892 2961 traditionem
906 2895 1033 2971 alludit,
1043 2916 1126 2979 quac

29 2997 218 3042 coaetaneos
242 2982 387 3047 faciebat.
431 2982 507 3046 Vid.
531 2984 670 3046 Philocte.
689 2987 767 3046 Her.
781 3005 856 3069 pag.
873 2990 946 3051 726.
963 2997 996 3044 et
1008 3002 1075 3064 seq.
1091 2994 1127 3045 ot

27 3068 153 3151 Hennes.
171 3088 202 3147 p.
219 3075 271 3134 52.
295 3067 423 3128 Souara.
467 3066 560 3132 Adde
583 3067 739 3132 Plutarch.
759 3070 907 3151 Sympos.
926 3079 1007 3150 sept.
1025 3067 1123 3150 Sapp.

25 3157 139 3216 Leiria.
617 3197 625 3205 .

113 3235 189 3295 Eud·
204 3239 223 3298 l.
244 3243 293 3301 14.
321 3234 473 3316 Φάλαριν)
495 3238 561 3298 Hic
574 3237 863 3322 Agrigentinorum
878 3250 1046 3318 tyrannus,
1069 3232 1126 3297 cui

29 3320 164 3379 Perillae
181 3334 306 3379 taurum
324 3342 455 3382 aeneum
471 3323 659 3400 fabricavit,
691 3344 755 3406 quo
773 3323 919 3403 impositi
936 3320 1029 3381 noxii
1047 3320 1124 3381 dum

29 3419 239 3479 torrerentur,
264 3406 347 3464 tauri
361 3408 516 3490 mugitum
531 3407 715 3472 reddebant.
751 3408 852 3471 Senec.
867 3408 910 3475 L.
923 3415 954 3475 ἶ.
970 3405 1010 3467 de
1023 3405 1124 3467 clem.

29 3513 57 3550 c.
72 3498 102 3556 4.
119 3503 150 3548 et
166 3491 207 3549 L.
225 3488 313 3555 2sde
330 3493 388 3556 lra.
412 3494 523 3552 (locu.
1112 3538 1115 3545 -

112 3573 191 3635 Ibid.
215 3569 384 3656 Βούσιριν)
412 3576 536 3635 Bueiris
559 3598 615 3638 rex
638 3576 891 3662 Aegyptiorum,
920 3576 1070 3658 Neptuni
1091 3586 1126 3641 tt

28 3657 156 3738 Lybiae
177 3658 278 3734 filius,
303 3659 360 3739 qui
383 3661 511 3720 Thracii
530 3663 669 3724 consilio
690 3663 834 3745 hospites
855 3662 1001 3725 violabat
1024 3661 1125 3723 inco-

30 3745 157 3822 gnitos,
180 3757 217 3802 ut
240 3764 348 3804 eorum
366 3746 522 3826 sanguine.
546 3749 687 3828 pluviam
703 3749 851 3823 eliceret,
874 3751 966 3828 eujus
985 3745 1124 3827 pentum

29 3831 197 3908 Aegyptus
221 3849 339 3888 novem
359 3831 451 3888 annis
477 3830 687 3901 laboraverat,
733 3829 989 3894 Senecoloc'cit.
1011 3828 1123 3893 Goon.

31 3912 190 3974 lllendose
204 3927 296 3974 antea
311 3912 507 3974 scribebatur
522 3914 686 3997 Bodouprv.
728 3920 792 3994 Sic,
814 3916 1032 3993 credidimus,
1056 3934 1122 3974 noo

30 4009 176 4055 auctores
199 4011 322 4058 tantum
347 4000 458 4074 multi,
482 3998 537 4062 sed
558 4015 592 4061 et
607 4002 799 4066 numismata
813 4002 978 4065 scribunt:
1002 4001 1042 4064 de
1057 4019 1123 4084 quo

27 4080 100 4142 vida
116 4083 263 4162 Apollod.
280 4085 320 4144 ΙΙ.
338 4106 370 4166 p.
384 4089 435 4154 58.
454 4085 488 4148 Β.
513 4088 640 4151 Socer.
