<?xml version="1.0" encoding="UTF-8"?>
<!DOCTYPE html PUBLIC "-//W3C//DTD XHTML 1.0 Transitional//EN"
    "http://www.w3.org/TR/xhtml1/DTD/xhtml1-transitional.dtd">
<html xmlns="http://www.w3.org/1999/xhtml" xml:lang="en" lang="en">
 <head>
  <title>
</title>
<meta http-equiv="Content-Type" content="text/html;charset=utf-8" />
  <meta name='ocr-system' content='tesseract 3.04.00' />
  <meta name='ocr-capabilities' content='ocr_page ocr_carea ocr_par ocr_line ocrx_word'/>
</head>
<body>
  <div class='ocr_page' id='page_1' title='image "./lucianisamosate00lehmgoog_0593.png"; bbox 0 0 2634 4680; ppageno 0'>
   <div class='ocr_carea' id='block_1_1' title="bbox 149 226 1073 323">
    <p class='ocr_par' dir='ltr' id='par_1_1' title="bbox 149 226 1073 323">
     <span class='ocr_line' id='line_1_1' title="bbox 149 226 1073 323; baseline -0.006 -10"><span class='ocrx_word' id='word_1_1' title='bbox 149 248 228 323; x_wconf 80' lang='grc'><strong>684</strong></span> <span class='ocrx_word' id='word_1_2' title='bbox 420 226 1073 313; x_wconf 46' lang='lat' dir='ltr'><strong>apocrisiarius*</strong></span> 
     </span>
    </p>
   </div>
   <div class='ocr_carea' id='block_1_2' title="bbox 152 402 1314 3103">
    <p class='ocr_par' dir='ltr' id='par_1_2' title="bbox 152 402 1314 1932">
     <span class='ocr_line' id='line_1_2' title="bbox 152 402 1259 492; baseline -0.002 -17"><span class='ocrx_word' id='word_1_3' title='bbox 152 412 241 475; x_wconf 83' lang='lat' dir='ltr'><strong>bitus</strong></span> <span class='ocrx_word' id='word_1_4' title='bbox 258 424 322 483; x_wconf 81' lang='lat' dir='ltr'><strong>est;</strong></span> <span class='ocrx_word' id='word_1_5' title='bbox 345 429 457 492; x_wconf 84' lang='lat' dir='ltr'><strong>parum</strong></span> <span class='ocrx_word' id='word_1_6' title='bbox 476 406 579 489; x_wconf 87' lang='lat' dir='ltr'><strong>igitur</strong></span> <span class='ocrx_word' id='word_1_7' title='bbox 591 406 698 481; x_wconf 72' lang='lat' dir='ltr'><strong>abest3</strong></span> <span class='ocrx_word' id='word_1_8' title='bbox 722 406 802 489; x_wconf 88' lang='lat' dir='ltr'><strong>quin</strong></span> <span class='ocrx_word' id='word_1_9' title='bbox 816 402 936 491; x_wconf 74' lang='grc' dir='ltr'><strong><em>βάθρον</em></strong></span> <span class='ocrx_word' id='word_1_10' title='bbox 955 402 991 472; x_wconf 77' lang='grc' dir='ltr'><strong>τὸ</strong></span> <span class='ocrx_word' id='word_1_11' title='bbox 1006 402 1139 489; x_wconf 78' lang='grc' dir='ltr'><strong><em>θρόνον</em></strong></span> <span class='ocrx_word' id='word_1_12' title='bbox 1149 402 1259 491; x_wconf 71' lang='grc' dir='ltr'><strong><em>ἆνὲχον</em></strong></span> 
     </span>
     <span class='ocr_line' id='line_1_3' title="bbox 153 489 1261 579; baseline -0.002 -20"><span class='ocrx_word' id='word_1_13' title='bbox 153 496 341 579; x_wconf 80' lang='lat' dir='ltr'><strong>intelligam.</strong></span> <span class='ocrx_word' id='word_1_14' title='bbox 361 494 453 555; x_wconf 70' lang='lat' dir='ltr'><strong>Rus.</strong></span> <span class='ocrx_word' id='word_1_15' title='bbox 494 492 536 553; x_wconf 86' lang='lat' dir='ltr'><strong>In</strong></span> <span class='ocrx_word' id='word_1_16' title='bbox 561 491 633 573; x_wconf 89' lang='lat' dir='ltr'><strong>ipso</strong></span> <span class='ocrx_word' id='word_1_17' title='bbox 654 491 794 554; x_wconf 80' lang='lat' dir='ltr'><strong>Luciono</strong></span> <span class='ocrx_word' id='word_1_18' title='bbox 813 506 925 554; x_wconf 82' lang='lat' dir='ltr'><strong>nostro</strong></span> <span class='ocrx_word' id='word_1_19' title='bbox 942 489 1125 574; x_wconf 70' lang='lat' dir='ltr'><strong>aliquoties</strong></span> <span class='ocrx_word' id='word_1_20' title='bbox 1211 494 1261 569; x_wconf 79' lang='grc' dir='ltr'><strong>πὶς</strong></span> 
     </span>
     <span class='ocr_line' id='line_1_4' title="bbox 155 574 1259 661; baseline -0.005 -19"><span class='ocrx_word' id='word_1_21' title='bbox 155 583 196 643; x_wconf 81' lang='lat' dir='ltr'><strong>tle</strong></span> <span class='ocrx_word' id='word_1_22' title='bbox 212 584 320 641; x_wconf 88' lang='lat' dir='ltr'><strong>calceo</strong></span> <span class='ocrx_word' id='word_1_23' title='bbox 338 577 479 639; x_wconf 87' lang='lat' dir='ltr'><strong>occurrit</strong></span> <span class='ocrx_word' id='word_1_24' title='bbox 492 574 650 661; x_wconf 74' lang='lat' dir='ltr'><strong>singulari</strong></span> <span class='ocrx_word' id='word_1_25' title='bbox 665 598 816 657; x_wconf 85' lang='lat' dir='ltr'><strong>numero,</strong></span> <span class='ocrx_word' id='word_1_26' title='bbox 836 590 876 638; x_wconf 92' lang='lat' dir='ltr'><strong>ut</strong></span> <span class='ocrx_word' id='word_1_27' title='bbox 888 576 1015 658; x_wconf 86' lang='lat' dir='ltr'><strong>Catapl.</strong></span> <span class='ocrx_word' id='word_1_28' title='bbox 1031 596 1060 639; x_wconf 85' lang='lat' dir='ltr'><strong>o.</strong></span> <span class='ocrx_word' id='word_1_29' title='bbox 1076 580 1134 645; x_wconf 87' lang='grc'><strong>15.</strong></span> <span class='ocrx_word' id='word_1_30' title='bbox 1150 600 1176 639; x_wconf 88' lang='grc' dir='ltr'><strong>ιι</strong></span> <span class='ocrx_word' id='word_1_31' title='bbox 1200 578 1259 637; x_wconf 88' lang='lat' dir='ltr'><strong>iia</strong></span> 
     </span>
     <span class='ocr_line' id='line_1_5' title="bbox 154 658 1261 745; baseline -0.004 -18"><span class='ocrx_word' id='word_1_32' title='bbox 154 663 279 727; x_wconf 80' lang='lat' dir='ltr'><strong>Adnot.</strong></span> <span class='ocrx_word' id='word_1_33' title='bbox 294 665 388 727; x_wconf 87' lang='grc' dir='ltr'><strong>Τοοι.</strong></span> <span class='ocrx_word' id='word_1_34' title='bbox 401 662 465 725; x_wconf 85' lang='lat'><strong>111.</strong></span> <span class='ocrx_word' id='word_1_35' title='bbox 478 683 509 745; x_wconf 84' lang='lat' dir='ltr'><strong>p.</strong></span> <span class='ocrx_word' id='word_1_36' title='bbox 523 668 599 731; x_wconf 82' lang='lat'><strong>614.</strong></span> <span class='ocrx_word' id='word_1_37' title='bbox 613 665 705 743; x_wconf 84' lang='lat' dir='ltr'><strong>plura</strong></span> <span class='ocrx_word' id='word_1_38' title='bbox 717 660 781 723; x_wconf 86' lang='lat' dir='ltr'><strong>alia</strong></span> <span class='ocrx_word' id='word_1_39' title='bbox 796 666 869 724; x_wconf 84' lang='lat' dir='ltr'><strong>loca</strong></span> <span class='ocrx_word' id='word_1_40' title='bbox 884 660 1036 722; x_wconf 77' lang='lat' dir='ltr'><strong>in-alium</strong></span> <span class='ocrx_word' id='word_1_41' title='bbox 1055 658 1160 725; x_wconf 81' lang='lat' dir='ltr'><strong>linem</strong></span> <span class='ocrx_word' id='word_1_42' title='bbox 1183 684 1261 724; x_wconf 92' lang='lat' dir='ltr'><strong>con·</strong></span> 
     </span>
     <span class='ocr_line' id='line_1_6' title="bbox 156 745 1264 835; baseline -0.003 -24"><span class='ocrx_word' id='word_1_43' title='bbox 156 747 249 835; x_wconf 77' lang='lat' dir='ltr'><strong>gessi.</strong></span> <span class='ocrx_word' id='word_1_44' title='bbox 292 746 363 813; x_wconf 90' lang='lat' dir='ltr'><strong>Jam</strong></span> <span class='ocrx_word' id='word_1_45' title='bbox 380 769 478 831; x_wconf 86' lang='lat' dir='ltr'><strong>quum</strong></span> <span class='ocrx_word' id='word_1_46' title='bbox 503 746 539 808; x_wconf 88' lang='lat' dir='ltr'><strong>in</strong></span> <span class='ocrx_word' id='word_1_47' title='bbox 553 747 722 809; x_wconf 73' lang='lat' dir='ltr'><strong><em>Pausaniae</em></strong></span> <span class='ocrx_word' id='word_1_48' title='bbox 736 745 953 830; x_wconf 73' lang='lat' dir='ltr'><strong>descriptione</strong></span> <span class='ocrx_word' id='word_1_49' title='bbox 965 747 1005 807; x_wconf 79' lang='lat'><strong>1.</strong></span> <span class='ocrx_word' id='word_1_50' title='bbox 1020 746 1059 811; x_wconf 83' lang='lat' dir='ltr'><strong>V.</strong></span> <span class='ocrx_word' id='word_1_51' title='bbox 1074 766 1107 807; x_wconf 85' lang='lat' dir='ltr'><strong>c.</strong></span> <span class='ocrx_word' id='word_1_52' title='bbox 1126 754 1180 815; x_wconf 89' lang='grc'><strong>11.</strong></span> <span class='ocrx_word' id='word_1_53' title='bbox 1199 752 1264 808; x_wconf 90' lang='lat' dir='ltr'><strong>cla-</strong></span> 
     </span>
     <span class='ocr_line' id='line_1_7' title="bbox 155 825 1267 915; baseline 0 -20"><span class='ocrx_word' id='word_1_54' title='bbox 155 832 283 895; x_wconf 84' lang='lat' dir='ltr'><strong>rissima</strong></span> <span class='ocrx_word' id='word_1_55' title='bbox 303 845 592 895; x_wconf 83' lang='lat' dir='ltr'><strong>commemorentur</strong></span> <span class='ocrx_word' id='word_1_56' title='bbox 610 834 693 893; x_wconf 84' lang='lat' dir='ltr'><strong>aurei</strong></span> <span class='ocrx_word' id='word_1_57' title='bbox 711 830 822 909; x_wconf 83' lang='lat' dir='ltr'><strong>calcei,</strong></span> <span class='ocrx_word' id='word_1_58' title='bbox 846 836 964 915; x_wconf 77' lang='grc' dir='ltr'><strong><em>χρυσοῦ</em></strong></span> <span class='ocrx_word' id='word_1_59' title='bbox 977 825 1183 913; x_wconf 62' lang='lat' dir='ltr'><strong>rinadium,</strong></span> <span class='ocrx_word' id='word_1_60' title='bbox 1206 854 1267 895; x_wconf 86' lang='lat' dir='ltr'><strong>ne-</strong></span> 
     </span>
     <span class='ocr_line' id='line_1_8' title="bbox 159 915 1269 1002; baseline -0.001 -25"><span class='ocrx_word' id='word_1_61' title='bbox 159 938 223 1002; x_wconf 84' lang='lat' dir='ltr'><strong>que</strong></span> <span class='ocrx_word' id='word_1_62' title='bbox 235 916 279 995; x_wconf 85' lang='lat' dir='ltr'><strong>ii,</strong></span> <span class='ocrx_word' id='word_1_63' title='bbox 303 917 360 999; x_wconf 89' lang='lat' dir='ltr'><strong>qui</strong></span> <span class='ocrx_word' id='word_1_64' title='bbox 374 915 415 980; x_wconf 91' lang='lat' dir='ltr'><strong>de</strong></span> <span class='ocrx_word' id='word_1_65' title='bbox 426 920 549 997; x_wconf 88' lang='lat' dir='ltr'><strong>templo</strong></span> <span class='ocrx_word' id='word_1_66' title='bbox 569 929 602 978; x_wconf 88' lang='lat' dir='ltr'><strong>et</strong></span> <span class='ocrx_word' id='word_1_67' title='bbox 614 929 719 976; x_wconf 85' lang='lat' dir='ltr'><strong>statua</strong></span> <span class='ocrx_word' id='word_1_68' title='bbox 731 917 752 980; x_wconf 93' lang='lat' dir='ltr'>J</span> <span class='ocrx_word' id='word_1_69' title='bbox 754 917 825 977; x_wconf 82' lang='lat' dir='ltr'><strong>oria</strong></span> <span class='ocrx_word' id='word_1_70' title='bbox 840 916 989 998; x_wconf 83' lang='lat' dir='ltr'><strong>Olympii</strong></span> <span class='ocrx_word' id='word_1_71' title='bbox 1004 916 1195 977; x_wconf 73' lang='lat' dir='ltr'><strong>accuratius</strong></span> <span class='ocrx_word' id='word_1_72' title='bbox 1211 938 1269 978; x_wconf 84' lang='lat' dir='ltr'><strong>ax·</strong></span> 
     </span>
     <span class='ocr_line' id='line_1_9' title="bbox 157 998 1270 1087; baseline 0.001 -24"><span class='ocrx_word' id='word_1_73' title='bbox 157 1016 358 1087; x_wconf 84' lang='lat' dir='ltr'><strong>posuerunt,</strong></span> <span class='ocrx_word' id='word_1_74' title='bbox 380 1000 422 1065; x_wconf 86' lang='lat' dir='ltr'><strong>L.</strong></span> <span class='ocrx_word' id='word_1_75' title='bbox 438 998 557 1064; x_wconf 78' lang='lat' dir='ltr'><strong>Volkel.</strong></span> <span class='ocrx_word' id='word_1_76' title='bbox 573 1000 608 1060; x_wconf 92' lang='lat' dir='ltr'><strong>in</strong></span> <span class='ocrx_word' id='word_1_77' title='bbox 628 998 730 1063; x_wconf 87' lang='lat' dir='ltr'><strong>libro:</strong></span> <span class='ocrx_word' id='word_1_78' title='bbox 759 1000 867 1063; x_wconf 88' lang='lat' dir='ltr'><strong>Uebet</strong></span> <span class='ocrx_word' id='word_1_79' title='bbox 889 1000 951 1063; x_wconf 88' lang='lat' dir='ltr'><strong>den</strong></span> <span class='ocrx_word' id='word_1_80' title='bbox 974 1021 1108 1085; x_wconf 78' lang='lat' dir='ltr'><strong>grooten</strong></span> <span class='ocrx_word' id='word_1_81' title='bbox 1130 1004 1270 1083; x_wconf 87' lang='lat' dir='ltr'><strong>Tempel</strong></span> 
     </span>
     <span class='ocr_line' id='line_1_10' title="bbox 158 1084 1270 1187; baseline -0.001 -39"><span class='ocrx_word' id='word_1_82' title='bbox 158 1084 228 1148; x_wconf 90' lang='lat' dir='ltr'><strong>und</strong></span> <span class='ocrx_word' id='word_1_83' title='bbox 243 1084 296 1147; x_wconf 88' lang='lat' dir='ltr'><strong>die</strong></span> <span class='ocrx_word' id='word_1_84' title='bbox 311 1086 424 1148; x_wconf 81' lang='lat' dir='ltr'><strong>Statue</strong></span> <span class='ocrx_word' id='word_1_85' title='bbox 438 1084 492 1147; x_wconf 88' lang='lat' dir='ltr'><strong>des</strong></span> <span class='ocrx_word' id='word_1_86' title='bbox 504 1085 524 1147; x_wconf 95' lang='lat' dir='ltr'>J</span> <span class='ocrx_word' id='word_1_87' title='bbox 526 1084 649 1165; x_wconf 87' lang='lat' dir='ltr'><strong>upitera</strong></span> <span class='ocrx_word' id='word_1_88' title='bbox 663 1108 704 1145; x_wconf 85' lang='lat' dir='ltr'><strong>au</strong></span> <span class='ocrx_word' id='word_1_89' title='bbox 720 1084 884 1167; x_wconf 82' lang='lat' dir='ltr'><strong>Olympia.</strong></span> <span class='ocrx_word' id='word_1_90' title='bbox 918 1086 1012 1167; x_wconf 83' lang='lat' dir='ltr'><strong>Lips.</strong></span> <span class='ocrx_word' id='word_1_91' title='bbox 1029 1090 1128 1153; x_wconf 81' lang='lat'><strong>1794.</strong></span> <span class='ocrx_word' id='word_1_92' title='bbox 1143 1106 1180 1187; x_wconf 89' lang='lat' dir='ltr'><strong>p.</strong></span> <span class='ocrx_word' id='word_1_93' title='bbox 1195 1094 1270 1155; x_wconf 82' lang='grc'><strong>100.</strong></span> 
     </span>
     <span class='ocr_line' id='line_1_11' title="bbox 160 1166 1271 1253; baseline -0.002 -20"><span class='ocrx_word' id='word_1_94' title='bbox 160 1185 195 1234; x_wconf 89' lang='lat' dir='ltr'><strong>et</strong></span> <span class='ocrx_word' id='word_1_95' title='bbox 207 1178 279 1238; x_wconf 88' lang='lat'><strong>164.</strong></span> <span class='ocrx_word' id='word_1_96' title='bbox 299 1185 334 1232; x_wconf 90' lang='lat' dir='ltr'><strong>et</strong></span> <span class='ocrx_word' id='word_1_97' title='bbox 347 1170 377 1234; x_wconf 80' lang='lat' dir='ltr'><strong>J.</strong></span> <span class='ocrx_word' id='word_1_98' title='bbox 389 1170 445 1233; x_wconf 81' lang='lat' dir='ltr'><strong>Pl..</strong></span> <span class='ocrx_word' id='word_1_99' title='bbox 461 1166 630 1231; x_wconf 61' lang='lat' dir='ltr'><strong>&amp;bealae</strong></span> <span class='ocrx_word' id='word_1_100' title='bbox 641 1168 676 1230; x_wconf 91' lang='lat' dir='ltr'><strong>in</strong></span> <span class='ocrx_word' id='word_1_101' title='bbox 690 1168 774 1231; x_wconf 87' lang='lat' dir='ltr'><strong>libro</strong></span> <span class='ocrx_word' id='word_1_102' title='bbox 789 1168 931 1253; x_wconf 85' lang='lat' dir='ltr'><strong>ejusdem</strong></span> <span class='ocrx_word' id='word_1_103' title='bbox 947 1170 1048 1231; x_wconf 82' lang='lat' dir='ltr'><strong>ferme</strong></span> <span class='ocrx_word' id='word_1_104' title='bbox 1062 1170 1180 1249; x_wconf 83' lang='lat' dir='ltr'><strong>titula,</strong></span> <span class='ocrx_word' id='word_1_105' title='bbox 1203 1172 1271 1233; x_wconf 88' lang='lat' dir='ltr'><strong>edi-</strong></span> 
     </span>
     <span class='ocr_line' id='line_1_12' title="bbox 159 1254 1271 1339; baseline -0.003 -21"><span class='ocrx_word' id='word_1_106' title='bbox 159 1268 196 1317; x_wconf 86' lang='lat' dir='ltr'><strong>to</strong></span> <span class='ocrx_word' id='word_1_107' title='bbox 211 1254 358 1321; x_wconf 88' lang='lat' dir='ltr'><strong>Norimb.</strong></span> <span class='ocrx_word' id='word_1_108' title='bbox 382 1259 477 1323; x_wconf 79' lang='lat'><strong>1795.</strong></span> <span class='ocrx_word' id='word_1_109' title='bbox 496 1275 569 1337; x_wconf 85' lang='lat' dir='ltr'><strong>pag.</strong></span> <span class='ocrx_word' id='word_1_110' title='bbox 585 1262 638 1321; x_wconf 87' lang='lat'><strong>64.</strong></span> <span class='ocrx_word' id='word_1_111' title='bbox 661 1257 785 1317; x_wconf 84' lang='lat' dir='ltr'><strong>calceos</strong></span> <span class='ocrx_word' id='word_1_112' title='bbox 804 1256 885 1316; x_wconf 88' lang='lat' dir='ltr'><strong>istos</strong></span> <span class='ocrx_word' id='word_1_113' title='bbox 908 1255 943 1315; x_wconf 90' lang='lat' dir='ltr'><strong>in</strong></span> <span class='ocrx_word' id='word_1_114' title='bbox 962 1254 1099 1339; x_wconf 84' lang='lat' dir='ltr'><strong>gratiam</strong></span> <span class='ocrx_word' id='word_1_115' title='bbox 1122 1256 1271 1335; x_wconf 85' lang='lat' dir='ltr'><strong>nummi,</strong></span> 
     </span>
     <span class='ocr_line' id='line_1_13' title="bbox 162 1336 1271 1422; baseline 0.001 -22"><span class='ocrx_word' id='word_1_116' title='bbox 162 1359 257 1422; x_wconf 87' lang='lat' dir='ltr'><strong>quem</strong></span> <span class='ocrx_word' id='word_1_117' title='bbox 273 1338 438 1401; x_wconf 76' lang='lat' dir='ltr'><strong>Gronovius</strong></span> <span class='ocrx_word' id='word_1_118' title='bbox 448 1337 577 1415; x_wconf 83' lang='lat' dir='ltr'><strong>laudat,</strong></span> <span class='ocrx_word' id='word_1_119' title='bbox 598 1340 635 1398; x_wconf 91' lang='lat' dir='ltr'><strong>in</strong></span> <span class='ocrx_word' id='word_1_120' title='bbox 650 1336 887 1401; x_wconf 84' lang='lat' dir='ltr'><strong>dubitationem</strong></span> <span class='ocrx_word' id='word_1_121' title='bbox 899 1338 1110 1415; x_wconf 76' lang='lat' dir='ltr'><strong>vocaverint:</strong></span> <span class='ocrx_word' id='word_1_122' title='bbox 1134 1362 1208 1402; x_wconf 88' lang='lat' dir='ltr'><strong>non</strong></span> <span class='ocrx_word' id='word_1_123' title='bbox 1225 1340 1271 1403; x_wconf 82' lang='lat' dir='ltr'><strong>vi-</strong></span> 
     </span>
     <span class='ocr_line' id='line_1_14' title="bbox 161 1422 1270 1525; baseline 0.003 -41"><span class='ocrx_word' id='word_1_124' title='bbox 161 1423 249 1522; x_wconf 33' lang='lat' dir='ltr'><strong>deo&amp;</strong></span> <span class='ocrx_word' id='word_1_125' title='bbox 266 1422 345 1522; x_wconf 76' lang='lat' dir='ltr'><strong>quid</strong></span> <span class='ocrx_word' id='word_1_126' title='bbox 366 1422 535 1488; x_wconf 82' lang='lat' dir='ltr'><strong>Wielondio</strong></span> <span class='ocrx_word' id='word_1_127' title='bbox 559 1423 682 1524; x_wconf 89' lang='lat' dir='ltr'><strong>opponi</strong></span> <span class='ocrx_word' id='word_1_128' title='bbox 701 1425 822 1506; x_wconf 83' lang='lat' dir='ltr'><strong>possit,</strong></span> <span class='ocrx_word' id='word_1_129' title='bbox 852 1424 885 1487; x_wconf 83' lang='lat' dir='ltr'><strong>la.</strong></span> <span class='ocrx_word' id='word_1_130' title='bbox 908 1426 930 1489; x_wconf 90' lang='lat' dir='ltr'><strong>l.</strong></span> <span class='ocrx_word' id='word_1_131' title='bbox 948 1426 1060 1525; x_wconf 60' lang='grc' dir='ltr'><strong><em>κρορκῑς</em></strong></span> <span class='ocrx_word' id='word_1_132' title='bbox 1079 1422 1126 1486; x_wconf 83' lang='lat' dir='ltr'><strong>do</strong></span> <span class='ocrx_word' id='word_1_133' title='bbox 1151 1425 1270 1525; x_wconf 71' lang='lat' dir='ltr'><strong>colpeio</strong></span> 
     </span>
     <span class='ocr_line' id='line_1_15' title="bbox 161 1508 1272 1679; baseline 0.002 -24"><span class='ocrx_word' id='word_1_134' title='bbox 161 1513 552 1679; x_wconf 48' lang='lat' dir='ltr'><strong>&amp;littleffiltll</strong></span> <span class='ocrx_word' id='word_1_135' title='bbox 554 1508 1272 1677; x_wconf 55' lang='lat' dir='ltr'><strong>l.2‘{25..&#39;i33135533.¹2ffi242:⁰3¹&amp;</strong></span> 
     </span>
     <span class='ocr_line' id='line_1_16' title="bbox 162 1678 1314 1761; baseline 0.001 -23"><span class='ocrx_word' id='word_1_136' title='bbox 162 1681 298 1755; x_wconf 76' lang='grc' dir='ltr'><strong>οοοίαυι,</strong></span> <span class='ocrx_word' id='word_1_137' title='bbox 326 1692 364 1739; x_wconf 92' lang='lat' dir='ltr'><strong>ut</strong></span> <span class='ocrx_word' id='word_1_138' title='bbox 383 1681 528 1761; x_wconf 88' lang='lat' dir='ltr'><strong>jejunum</strong></span> <span class='ocrx_word' id='word_1_139' title='bbox 546 1692 753 1758; x_wconf 72' lang='lat' dir='ltr'><strong>portentosae</strong></span> <span class='ocrx_word' id='word_1_140' title='bbox 772 1678 861 1739; x_wconf 89' lang='lat' dir='ltr'><strong>illius</strong></span> <span class='ocrx_word' id='word_1_141' title='bbox 880 1692 1006 1739; x_wconf 85' lang='lat' dir='ltr'><strong>statuae</strong></span> <span class='ocrx_word' id='word_1_142' title='bbox 1025 1694 1270 1751; x_wconf 82' lang='lat' dir='ltr'><strong>enarratorem,</strong></span> <span class='ocrx_word' id='word_1_143' title='bbox 1312 1688 1314 1694; x_wconf 84' lang='grc'><em>’</em></span> 
     </span>
     <span class='ocr_line' id='line_1_17' title="bbox 164 1760 1314 1846; baseline 0.003 -23"><span class='ocrx_word' id='word_1_144' title='bbox 164 1760 217 1823; x_wconf 85' lang='lat' dir='ltr'><strong>his</strong></span> <span class='ocrx_word' id='word_1_145' title='bbox 233 1762 338 1826; x_wconf 78' lang='lat' dir='ltr'><strong>verbis</strong></span> <span class='ocrx_word' id='word_1_146' title='bbox 350 1761 491 1846; x_wconf 81' lang='lat' dir='ltr'><strong>petiisse.</strong></span> <span class='ocrx_word' id='word_1_147' title='bbox 534 1762 652 1825; x_wconf 86' lang='lat' dir='ltr'><strong>Saltem</strong></span> <span class='ocrx_word' id='word_1_148' title='bbox 664 1783 731 1824; x_wconf 91' lang='lat' dir='ltr'><strong>non</strong></span> <span class='ocrx_word' id='word_1_149' title='bbox 745 1760 785 1824; x_wconf 89' lang='lat' dir='ltr'><strong>ad</strong></span> <span class='ocrx_word' id='word_1_150' title='bbox 800 1762 897 1825; x_wconf 87' lang='lat' dir='ltr'><strong>verba</strong></span> <span class='ocrx_word' id='word_1_151' title='bbox 909 1762 1273 1846; x_wconf 77' lang='lat' dir='ltr'><strong>reprehensioaniuni</strong></span> <span class='ocrx_word' id='word_1_152' title='bbox 1312 1767 1314 1806; x_wconf 77' lang='lat'>²</span> 
     </span>
     <span class='ocr_line' id='line_1_18' title="bbox 165 1846 983 1932; baseline 0.004 -24"><span class='ocrx_word' id='word_1_153' title='bbox 165 1868 238 1909; x_wconf 89' lang='lat' dir='ltr'><strong>oum</strong></span> <span class='ocrx_word' id='word_1_154' title='bbox 249 1846 429 1909; x_wconf 74' lang='lat' dir='ltr'><strong>Pausaniae</strong></span> <span class='ocrx_word' id='word_1_155' title='bbox 445 1847 663 1929; x_wconf 86' lang='lat' dir='ltr'><strong>descriptione</strong></span> <span class='ocrx_word' id='word_1_156' title='bbox 679 1848 840 1932; x_wconf 87' lang='lat' dir='ltr'><strong>congruit.</strong></span> <span class='ocrx_word' id='word_1_157' title='bbox 862 1848 983 1912; x_wconf 80' lang='lat' dir='ltr'><strong>Lauta.</strong></span> 
     </span>
    </p>

    <p class='ocr_par' dir='ltr' id='par_1_3' title="bbox 167 1928 1274 2102">
     <span class='ocr_line' id='line_1_19' title="bbox 249 1928 1274 2014; baseline -0.002 -21"><span class='ocrx_word' id='word_1_158' title='bbox 249 1931 329 1993; x_wconf 80' lang='lat' dir='ltr'><strong>End.</strong></span> <span class='ocrx_word' id='word_1_159' title='bbox 346 1936 370 1994; x_wconf 91' lang='lat'><strong>1.</strong></span> <span class='ocrx_word' id='word_1_160' title='bbox 382 1938 413 2000; x_wconf 87' lang='lat'><strong>7.</strong></span> <span class='ocrx_word' id='word_1_161' title='bbox 434 1930 580 2013; x_wconf 72' lang='grc' dir='ltr'><strong>Διεξιοὶν)</strong></span> <span class='ocrx_word' id='word_1_162' title='bbox 604 1933 657 1993; x_wconf 90' lang='lat' dir='ltr'><strong>Ita</strong></span> <span class='ocrx_word' id='word_1_163' title='bbox 668 1933 721 1994; x_wconf 92' lang='grc' dir='ltr'><strong>Μ.</strong></span> <span class='ocrx_word' id='word_1_164' title='bbox 734 1933 851 2006; x_wconf 84' lang='lat' dir='ltr'><strong>etiam;</strong></span> <span class='ocrx_word' id='word_1_165' title='bbox 874 1928 1014 1994; x_wconf 85' lang='lat' dir='ltr'><strong>sednon</strong></span> <span class='ocrx_word' id='word_1_166' title='bbox 1038 1952 1057 1993; x_wconf 92' lang='lat' dir='ltr'><strong>a</strong></span> <span class='ocrx_word' id='word_1_167' title='bbox 1076 1930 1188 2014; x_wconf 88' lang='lat' dir='ltr'><strong>prima</strong></span> <span class='ocrx_word' id='word_1_168' title='bbox 1202 1952 1274 1993; x_wconf 85' lang='lat' dir='ltr'><strong>ma-</strong></span> 
     </span>
     <span class='ocr_line' id='line_1_20' title="bbox 167 2014 1271 2102; baseline 0.003 -25"><span class='ocrx_word' id='word_1_169' title='bbox 167 2037 224 2095; x_wconf 83' lang='lat' dir='ltr'><strong>nu,</strong></span> <span class='ocrx_word' id='word_1_170' title='bbox 231 2016 424 2102; x_wconf 88' lang='lat' dir='ltr'><strong>videturque</strong></span> <span class='ocrx_word' id='word_1_171' title='bbox 437 2018 528 2099; x_wconf 87' lang='lat' dir='ltr'><strong>prius</strong></span> <span class='ocrx_word' id='word_1_172' title='bbox 540 2016 643 2079; x_wconf 79' lang='lat' dir='ltr'><strong>fuisse</strong></span> <span class='ocrx_word' id='word_1_173' title='bbox 655 2020 768 2094; x_wconf 75' lang='grc' dir='ltr'><strong>διεξίοι,</strong></span> <span class='ocrx_word' id='word_1_174' title='bbox 778 2016 863 2101; x_wconf 90' lang='lat' dir='ltr'><strong>quod</strong></span> <span class='ocrx_word' id='word_1_175' title='bbox 878 2015 978 2101; x_wconf 84' lang='lat' dir='ltr'><strong>magia</strong></span> <span class='ocrx_word' id='word_1_176' title='bbox 992 2014 1124 2085; x_wconf 85' lang='lat' dir='ltr'><strong>arridet.</strong></span> <span class='ocrx_word' id='word_1_177' title='bbox 1140 2016 1271 2081; x_wconf 76' lang='lat' dir='ltr'><strong>Sonan-</strong></span> 
     </span>
    </p>

    <p class='ocr_par' dir='ltr' id='par_1_4' title="bbox 167 2097 1277 2778">
     <span class='ocr_line' id='line_1_21' title="bbox 253 2097 1273 2183; baseline -0.003 -20"><span class='ocrx_word' id='word_1_178' title='bbox 253 2100 333 2166; x_wconf 68' lang='lat' dir='ltr'><strong>Eae.</strong></span> <span class='ocrx_word' id='word_1_179' title='bbox 347 2107 370 2163; x_wconf 92' lang='lat' dir='ltr'><strong>l.</strong></span> <span class='ocrx_word' id='word_1_180' title='bbox 384 2109 415 2169; x_wconf 87' lang='lat'><strong>9.</strong></span> <span class='ocrx_word' id='word_1_181' title='bbox 439 2104 546 2181; x_wconf 79' lang='grc' dir='ltr'><strong><em>Μὲτρα</em></strong></span> <span class='ocrx_word' id='word_1_182' title='bbox 565 2137 610 2152; x_wconf 91' lang='grc'>-</span> <span class='ocrx_word' id='word_1_183' title='bbox 630 2097 843 2181; x_wconf 76' lang='grc' dir='ltr'><strong><em>ἇναλωκὸτος)</em></strong></span> <span class='ocrx_word' id='word_1_184' title='bbox 862 2102 941 2163; x_wconf 85' lang='grc' dir='ltr'><strong>Νοιι</strong></span> <span class='ocrx_word' id='word_1_185' title='bbox 960 2100 1138 2164; x_wconf 83' lang='lat' dir='ltr'><strong>cauttidici</strong></span> <span class='ocrx_word' id='word_1_186' title='bbox 1155 2121 1273 2183; x_wconf 81' lang='lat' dir='ltr'><strong>nempe</strong></span> 
     </span>
     <span class='ocr_line' id='line_1_22' title="bbox 169 2184 1273 2268; baseline 0.003 -23"><span class='ocrx_word' id='word_1_187' title='bbox 169 2184 233 2247; x_wconf 84' lang='lat' dir='ltr'><strong>soli</strong></span> <span class='ocrx_word' id='word_1_188' title='bbox 249 2184 290 2245; x_wconf 88' lang='lat' dir='ltr'><strong>ad</strong></span> <span class='ocrx_word' id='word_1_189' title='bbox 310 2184 492 2268; x_wconf 80' lang='lat' dir='ltr'><strong>clepsydras</strong></span> <span class='ocrx_word' id='word_1_190' title='bbox 505 2186 673 2250; x_wconf 79' lang='lat' dir='ltr'><strong>dicebanta</strong></span> <span class='ocrx_word' id='word_1_191' title='bbox 694 2185 888 2247; x_wconf 82' lang='lat' dir='ltr'><strong>factitabant</strong></span> <span class='ocrx_word' id='word_1_192' title='bbox 903 2184 936 2245; x_wconf 90' lang='lat' dir='ltr'><strong>id</strong></span> <span class='ocrx_word' id='word_1_193' title='bbox 948 2185 1046 2247; x_wconf 88' lang='lat' dir='ltr'><strong>etiam</strong></span> <span class='ocrx_word' id='word_1_194' title='bbox 1058 2184 1211 2247; x_wconf 87' lang='lat' dir='ltr'><strong>Luciani</strong></span> <span class='ocrx_word' id='word_1_195' title='bbox 1223 2206 1273 2248; x_wconf 80' lang='lat' dir='ltr'><strong>aa·</strong></span> 
     </span>
     <span class='ocr_line' id='line_1_23' title="bbox 170 2269 1275 2353; baseline 0.003 -25"><span class='ocrx_word' id='word_1_196' title='bbox 170 2285 236 2331; x_wconf 87' lang='lat' dir='ltr'><strong>tate</strong></span> <span class='ocrx_word' id='word_1_197' title='bbox 250 2269 426 2345; x_wconf 86' lang='lat' dir='ltr'><strong>Rhetores,</strong></span> <span class='ocrx_word' id='word_1_198' title='bbox 449 2292 506 2333; x_wconf 84' lang='lat' dir='ltr'><strong>seu</strong></span> <span class='ocrx_word' id='word_1_199' title='bbox 522 2270 704 2352; x_wconf 76' lang='lat' dir='ltr'><strong>sophistae.</strong></span> <span class='ocrx_word' id='word_1_200' title='bbox 748 2270 850 2348; x_wconf 84' lang='lat' dir='ltr'><strong>Cujus</strong></span> <span class='ocrx_word' id='word_1_201' title='bbox 869 2271 918 2332; x_wconf 85' lang='lat' dir='ltr'><strong>rei</strong></span> <span class='ocrx_word' id='word_1_202' title='bbox 931 2269 1059 2353; x_wconf 84' lang='lat' dir='ltr'><strong>insigna</strong></span> <span class='ocrx_word' id='word_1_203' title='bbox 1081 2270 1275 2331; x_wconf 78' lang='lat' dir='ltr'><strong>testimoni-</strong></span> 
     </span>
     <span class='ocr_line' id='line_1_24' title="bbox 170 2353 1275 2436; baseline 0.007 -24"><span class='ocrx_word' id='word_1_204' title='bbox 170 2376 225 2413; x_wconf 89' lang='lat' dir='ltr'><strong>um</strong></span> <span class='ocrx_word' id='word_1_205' title='bbox 246 2368 352 2415; x_wconf 79' lang='lat' dir='ltr'><strong>exstat</strong></span> <span class='ocrx_word' id='word_1_206' title='bbox 376 2353 463 2436; x_wconf 90' lang='lat' dir='ltr'><strong>apud</strong></span> <span class='ocrx_word' id='word_1_207' title='bbox 485 2353 699 2417; x_wconf 75' lang='lat' dir='ltr'><strong>Philostratum</strong></span> <span class='ocrx_word' id='word_1_208' title='bbox 720 2353 755 2415; x_wconf 90' lang='lat' dir='ltr'><strong>in</strong></span> <span class='ocrx_word' id='word_1_209' title='bbox 777 2355 923 2416; x_wconf 89' lang='lat' dir='ltr'><strong>Adriano</strong></span> <span class='ocrx_word' id='word_1_210' title='bbox 943 2354 1113 2436; x_wconf 80' lang='lat' dir='ltr'><strong>Sophistaa</strong></span> <span class='ocrx_word' id='word_1_211' title='bbox 1140 2360 1275 2421; x_wconf 80' lang='grc' dir='ltr'><strong><em>τοῖντοῦ</em></strong></span> 
     </span>
     <span class='ocr_line' id='line_1_25' title="bbox 167 2432 1276 2525; baseline 0.002 -24"><span class='ocrx_word' id='word_1_212' title='bbox 167 2433 309 2517; x_wconf 74' lang='grc' dir='ltr'><strong><em>Ἡρώδου</em></strong></span> <span class='ocrx_word' id='word_1_213' title='bbox 323 2435 481 2521; x_wconf 70' lang='grc' dir='ltr'><strong><em>οἲκροατοῖν</em></strong></span> <span class='ocrx_word' id='word_1_214' title='bbox 497 2442 569 2504; x_wconf 77' lang='grc' dir='ltr'><strong><em>δέκα</em></strong></span> <span class='ocrx_word' id='word_1_215' title='bbox 584 2443 617 2504; x_wconf 85' lang='lat' dir='ltr'><strong>ol</strong></span> <span class='ocrx_word' id='word_1_216' title='bbox 627 2437 736 2525; x_wconf 73' lang='grc' dir='ltr'><strong><em>ἀρετῆς</em></strong></span> <span class='ocrx_word' id='word_1_217' title='bbox 750 2444 790 2517; x_wconf 94' lang='lat' dir='ltr'><strong>(l.</strong></span> <span class='ocrx_word' id='word_1_218' title='bbox 807 2439 944 2524; x_wconf 69' lang='grc' dir='ltr'><strong>ἄριστοι)</strong></span> <span class='ocrx_word' id='word_1_219' title='bbox 959 2432 1137 2523; x_wconf 68' lang='grc' dir='ltr'><strong>ἀξιούμενοι</strong></span> <span class='ocrx_word' id='word_1_220' title='bbox 1149 2440 1276 2505; x_wconf 68' lang='lat' dir='ltr'><strong>inmari·</strong></span> 
     </span>
     <span class='ocr_line' id='line_1_26' title="bbox 172 2520 1277 2612; baseline 0.003 -27"><span class='ocrx_word' id='word_1_221' title='bbox 172 2528 258 2599; x_wconf 80' lang='grc' dir='ltr'><strong><em>ζοντο</em></strong></span> <span class='ocrx_word' id='word_1_222' title='bbox 274 2531 311 2612; x_wconf 77' lang='grc' dir='ltr'><strong>τῇ</strong></span> <span class='ocrx_word' id='word_1_223' title='bbox 326 2528 368 2599; x_wconf 82' lang='grc' dir='ltr'><strong>εἰς</strong></span> <span class='ocrx_word' id='word_1_224' title='bbox 379 2520 497 2599; x_wconf 75' lang='grc' dir='ltr'><strong><em>πάντας</em></strong></span> <span class='ocrx_word' id='word_1_225' title='bbox 511 2520 656 2607; x_wconf 68' lang='grc' dir='ltr'><strong><em>ἀκροάσει</em></strong></span> <span class='ocrx_word' id='word_1_226' title='bbox 668 2526 844 2607; x_wconf 75' lang='grc' dir='ltr'><strong><em>κλὲψυᾶραν</em></strong></span> <span class='ocrx_word' id='word_1_227' title='bbox 853 2526 1140 2607; x_wconf 66' lang='grc' dir='ltr'><strong><em>ξυμμομετρρμὸυην</em></strong></span> <span class='ocrx_word' id='word_1_228' title='bbox 1154 2528 1200 2599; x_wconf 81' lang='grc' dir='ltr'><strong>εἰς</strong></span> <span class='ocrx_word' id='word_1_229' title='bbox 1210 2526 1277 2589; x_wconf 73' lang='grc' dir='ltr'><strong><em>ἕνα·</em></strong></span> 
     </span>
     <span class='ocr_line' id='line_1_27' title="bbox 170 2604 1276 2778; baseline 0.003 -25"><span class='ocrx_word' id='word_1_230' title='bbox 170 2604 307 2755; x_wconf 65' lang='grc' dir='ltr'><strong>Μαι</strong></span> <span class='ocrx_word' id='word_1_231' title='bbox 325 2604 1276 2778; x_wconf 61' lang='grc' dir='ltr'><strong>Μῑῑ,0εὲκὲζκιέῗιῑ;*ῑ·.ξὲέια’κεὲέικ</strong></span> 
     </span>
    </p>

    <p class='ocr_par' dir='ltr' id='par_1_5' title="bbox 821 2736 1024 2771">
     <span class='ocr_line' id='line_1_28' title="bbox 821 2736 1024 2771; baseline 0 -16"><span class='ocrx_word' id='word_1_232' title='bbox 821 2740 831 2771; x_wconf 91' lang='grc'><em>,</em></span> <span class='ocrx_word' id='word_1_233' title='bbox 1015 2736 1024 2755; x_wconf 91' lang='grc'><strong>.</strong></span> 
     </span>
    </p>

    <p class='ocr_par' dir='ltr' id='par_1_6' title="bbox 174 2776 1278 3103">
     <span class='ocr_line' id='line_1_29' title="bbox 175 2776 1277 2863; baseline 0.002 -26"><span class='ocrx_word' id='word_1_234' title='bbox 175 2776 246 2838; x_wconf 85' lang='lat' dir='ltr'><strong>dem</strong></span> <span class='ocrx_word' id='word_1_235' title='bbox 266 2799 362 2839; x_wconf 85' lang='lat' dir='ltr'><strong>sensu</strong></span> <span class='ocrx_word' id='word_1_236' title='bbox 376 2794 409 2841; x_wconf 89' lang='lat' dir='ltr'><strong>et</strong></span> <span class='ocrx_word' id='word_1_237' title='bbox 423 2793 582 2862; x_wconf 83' lang='lat' dir='ltr'><strong>usurpant</strong></span> <span class='ocrx_word' id='word_1_238' title='bbox 595 2780 726 2841; x_wconf 90' lang='lat' dir='ltr'><strong>Latini:</strong></span> <span class='ocrx_word' id='word_1_239' title='bbox 750 2778 837 2842; x_wconf 85' lang='lat' dir='ltr'><strong>Corn.</strong></span> <span class='ocrx_word' id='word_1_240' title='bbox 853 2780 953 2863; x_wconf 82' lang='lat' dir='ltr'><strong>Nepos</strong></span> <span class='ocrx_word' id='word_1_241' title='bbox 967 2780 1001 2839; x_wconf 91' lang='lat' dir='ltr'><strong>in</strong></span> <span class='ocrx_word' id='word_1_242' title='bbox 1017 2778 1133 2861; x_wconf 87' lang='lat' dir='ltr'><strong>Epam.</strong></span> <span class='ocrx_word' id='word_1_243' title='bbox 1149 2798 1180 2839; x_wconf 87' lang='lat' dir='ltr'><strong>o.</strong></span> <span class='ocrx_word' id='word_1_244' title='bbox 1195 2782 1227 2846; x_wconf 89' lang='lat'><strong>4.</strong></span> <span class='ocrx_word' id='word_1_245' title='bbox 1242 2788 1277 2839; x_wconf 80' lang='lat' dir='ltr'><strong>et</strong></span> 
     </span>
     <span class='ocr_line' id='line_1_30' title="bbox 174 2860 1276 2946; baseline -0.002 -23"><span class='ocrx_word' id='word_1_246' title='bbox 174 2861 266 2925; x_wconf 81' lang='lat' dir='ltr'><strong>Loet.</strong></span> <span class='ocrx_word' id='word_1_247' title='bbox 282 2865 335 2940; x_wconf 86' lang='lat'><strong>11,</strong></span> <span class='ocrx_word' id='word_1_248' title='bbox 351 2871 382 2932; x_wconf 90' lang='lat'><strong>8.</strong></span> <span class='ocrx_word' id='word_1_249' title='bbox 402 2861 607 2940; x_wconf 77' lang='grc' dir='ltr'><strong><em>’Λναλοκὸοος</em></strong></span> <span class='ocrx_word' id='word_1_250' title='bbox 621 2880 726 2927; x_wconf 90' lang='lat' dir='ltr'><strong>autem</strong></span> <span class='ocrx_word' id='word_1_251' title='bbox 743 2886 784 2927; x_wconf 85' lang='lat' dir='ltr'><strong>ex</strong></span> <span class='ocrx_word' id='word_1_252' title='bbox 796 2865 853 2924; x_wconf 88' lang='lat' dir='ltr'><strong>W.</strong></span> <span class='ocrx_word' id='word_1_253' title='bbox 873 2880 906 2927; x_wconf 83' lang='grc' dir='ltr'><strong>οι</strong></span> <span class='ocrx_word' id='word_1_254' title='bbox 917 2864 953 2925; x_wconf 85' lang='lat'><strong>1’.</strong></span> <span class='ocrx_word' id='word_1_255' title='bbox 975 2876 1040 2942; x_wconf 85' lang='lat' dir='ltr'><strong>est,</strong></span> <span class='ocrx_word' id='word_1_256' title='bbox 1060 2882 1122 2946; x_wconf 88' lang='lat' dir='ltr'><strong>pro</strong></span> <span class='ocrx_word' id='word_1_257' title='bbox 1150 2882 1219 2945; x_wconf 85' lang='lat' dir='ltr'><strong>quo</strong></span> <span class='ocrx_word' id='word_1_258' title='bbox 1240 2860 1276 2921; x_wconf 93' lang='lat' dir='ltr'><strong>in</strong></span> 
     </span>
     <span class='ocr_line' id='line_1_31' title="bbox 175 2942 1278 3033; baseline 0 -26"><span class='ocrx_word' id='word_1_259' title='bbox 175 2948 312 3030; x_wconf 86' lang='lat' dir='ltr'><strong>reliquia</strong></span> <span class='ocrx_word' id='word_1_260' title='bbox 325 2945 444 3031; x_wconf 73' lang='grc' dir='ltr'><strong><em>ἄνηλ-</em></strong></span> <span class='ocrx_word' id='word_1_261' title='bbox 464 2950 595 3033; x_wconf 87' lang='lat' dir='ltr'><strong>legitur.</strong></span> <span class='ocrx_word' id='word_1_262' title='bbox 618 2950 749 3014; x_wconf 71' lang='lat' dir='ltr'><strong>somn.</strong></span> <span class='ocrx_word' id='word_1_263' title='bbox 789 2950 844 3011; x_wconf 85' lang='lat' dir='ltr'><strong>De</strong></span> <span class='ocrx_word' id='word_1_264' title='bbox 867 2946 929 3009; x_wconf 88' lang='lat' dir='ltr'><strong>hae</strong></span> <span class='ocrx_word' id='word_1_265' title='bbox 941 2949 1047 3011; x_wconf 81' lang='lat' dir='ltr'><strong>forma</strong></span> <span class='ocrx_word' id='word_1_266' title='bbox 1061 2944 1139 3013; x_wconf 81' lang='lat' dir='ltr'><strong>ride</strong></span> <span class='ocrx_word' id='word_1_267' title='bbox 1151 2960 1226 3011; x_wconf 84' lang='lat' dir='ltr'><strong>not.</strong></span> <span class='ocrx_word' id='word_1_268' title='bbox 1237 2942 1278 3008; x_wconf 86' lang='lat' dir='ltr'><strong>ad</strong></span> 
     </span>
     <span class='ocr_line' id='line_1_32' title="bbox 176 3030 578 3103; baseline 0.015 -12"><span class='ocrx_word' id='word_1_269' title='bbox 176 3030 323 3093; x_wconf 90' lang='lat' dir='ltr'><strong>Hermot.</strong></span> <span class='ocrx_word' id='word_1_270' title='bbox 340 3054 366 3098; x_wconf 90' lang='lat' dir='ltr'><strong>o.</strong></span> <span class='ocrx_word' id='word_1_271' title='bbox 383 3041 436 3103; x_wconf 79' lang='grc'><strong>83.</strong></span> <span class='ocrx_word' id='word_1_272' title='bbox 457 3034 578 3097; x_wconf 77' lang='lat' dir='ltr'><strong>Luam.</strong></span> 
     </span>
    </p>
   </div>
   <div class='ocr_carea' id='block_1_3' title="bbox 143 3112 1307 4137">
    <p class='ocr_par' dir='ltr' id='par_1_7' title="bbox 143 3112 1062 3200">
     <span class='ocr_line' id='line_1_33' title="bbox 143 3112 1062 3200; baseline 0.005 -22"><span class='ocrx_word' id='word_1_273' title='bbox 143 3189 146 3196; x_wconf 27' lang='grc' dir='ltr'>Ι</span> <span class='ocrx_word' id='word_1_274' title='bbox 261 3116 344 3179; x_wconf 79' lang='lat' dir='ltr'><strong>Ibid.</strong></span> <span class='ocrx_word' id='word_1_275' title='bbox 361 3114 592 3200; x_wconf 74' lang='grc' dir='ltr'><strong><em>Ἇυηλοοκὸτος)</em></strong></span> <span class='ocrx_word' id='word_1_276' title='bbox 613 3120 701 3183; x_wconf 86' lang='lat' dir='ltr'><strong>Flor.</strong></span> <span class='ocrx_word' id='word_1_277' title='bbox 718 3112 904 3185; x_wconf 78' lang='grc' dir='ltr'><strong><em>α’ναλοοκότα.</em></strong></span> <span class='ocrx_word' id='word_1_278' title='bbox 924 3116 1062 3183; x_wconf 81' lang='lat' dir='ltr'><strong>Bonan.</strong></span> 
     </span>
    </p>

    <p class='ocr_par' dir='ltr' id='par_1_8' title="bbox 176 3196 1284 3544">
     <span class='ocr_line' id='line_1_34' title="bbox 262 3196 1280 3287; baseline 0.002 -23"><span class='ocrx_word' id='word_1_279' title='bbox 262 3202 339 3285; x_wconf 69' lang='lat' dir='ltr'><strong>Pag.</strong></span> <span class='ocrx_word' id='word_1_280' title='bbox 353 3211 427 3271; x_wconf 78' lang='lat'><strong>200.</strong></span> <span class='ocrx_word' id='word_1_281' title='bbox 438 3207 462 3265; x_wconf 91' lang='lat' dir='ltr'><strong>l.</strong></span> <span class='ocrx_word' id='word_1_282' title='bbox 476 3211 508 3272; x_wconf 82' lang='lat'><strong>2.</strong></span> <span class='ocrx_word' id='word_1_283' title='bbox 526 3199 585 3279; x_wconf 87' lang='grc' dir='ltr'><strong>Ἐς</strong></span> <span class='ocrx_word' id='word_1_284' title='bbox 598 3202 654 3285; x_wconf 78' lang='grc' dir='ltr'><strong><em>τὴν</em></strong></span> <span class='ocrx_word' id='word_1_285' title='bbox 668 3202 833 3279; x_wconf 80' lang='grc' dir='ltr'><strong><em>Μαύρων)</em></strong></span> <span class='ocrx_word' id='word_1_286' title='bbox 855 3202 985 3287; x_wconf 85' lang='lat' dir='ltr'><strong>Anglic.</strong></span> <span class='ocrx_word' id='word_1_287' title='bbox 1005 3204 1037 3278; x_wconf 75' lang='grc' dir='ltr'><strong>ἐς</strong></span> <span class='ocrx_word' id='word_1_288' title='bbox 1055 3196 1110 3269; x_wconf 74' lang='grc' dir='ltr'><strong><em>τον</em></strong></span> <span class='ocrx_word' id='word_1_289' title='bbox 1131 3208 1280 3285; x_wconf 67' lang='lat' dir='ltr'><strong>Matiene.</strong></span> 
     </span>
     <span class='ocr_line' id='line_1_35' title="bbox 176 3283 1280 3373; baseline -0.003 -24"><span class='ocrx_word' id='word_1_290' title='bbox 176 3283 314 3352; x_wconf 77' lang='lat' dir='ltr'><strong>Bonan.</strong></span> <span class='ocrx_word' id='word_1_291' title='bbox 357 3288 547 3373; x_wconf 79' lang='lat' dir='ltr'><strong>vulgatam,</strong></span> <span class='ocrx_word' id='word_1_292' title='bbox 570 3310 665 3373; x_wconf 90' lang='lat' dir='ltr'><strong>quam</strong></span> <span class='ocrx_word' id='word_1_293' title='bbox 680 3287 710 3351; x_wconf 83' lang='lat' dir='ltr'><strong>J.</strong></span> <span class='ocrx_word' id='word_1_294' title='bbox 723 3286 768 3351; x_wconf 84' lang='lat' dir='ltr'><strong>H.</strong></span> <span class='ocrx_word' id='word_1_295' title='bbox 780 3286 859 3353; x_wconf 69' lang='grc' dir='ltr'><strong>ΛΜ.</strong></span> <span class='ocrx_word' id='word_1_296' title='bbox 875 3303 907 3351; x_wconf 92' lang='lat' dir='ltr'><strong>et</strong></span> <span class='ocrx_word' id='word_1_297' title='bbox 923 3289 993 3349; x_wconf 85' lang='lat' dir='ltr'><strong>Par.</strong></span> <span class='ocrx_word' id='word_1_298' title='bbox 1007 3300 1156 3368; x_wconf 77' lang='lat' dir='ltr'><strong>servant,</strong></span> <span class='ocrx_word' id='word_1_299' title='bbox 1179 3286 1280 3355; x_wconf 75' lang='lat' dir='ltr'><strong>ethio</strong></span> 
     </span>
     <span class='ocr_line' id='line_1_36' title="bbox 178 3373 1283 3456; baseline 0 -23"><span class='ocrx_word' id='word_1_300' title='bbox 178 3392 320 3433; x_wconf 85' lang='lat' dir='ltr'><strong>servasse</strong></span> <span class='ocrx_word' id='word_1_301' title='bbox 332 3394 390 3455; x_wconf 87' lang='lat' dir='ltr'><strong>par</strong></span> <span class='ocrx_word' id='word_1_302' title='bbox 404 3386 489 3447; x_wconf 86' lang='lat' dir='ltr'><strong>erat,</strong></span> <span class='ocrx_word' id='word_1_303' title='bbox 518 3394 586 3435; x_wconf 90' lang='lat' dir='ltr'><strong>non</strong></span> <span class='ocrx_word' id='word_1_304' title='bbox 606 3377 711 3434; x_wconf 88' lang='lat' dir='ltr'><strong>solnm</strong></span> <span class='ocrx_word' id='word_1_305' title='bbox 734 3373 811 3456; x_wconf 88' lang='lat' dir='ltr'><strong>quia</strong></span> <span class='ocrx_word' id='word_1_306' title='bbox 834 3374 882 3434; x_wconf 86' lang='lat' dir='ltr'><strong>sic</strong></span> <span class='ocrx_word' id='word_1_307' title='bbox 907 3374 1095 3455; x_wconf 83' lang='lat' dir='ltr'><strong>frequenter</strong></span> <span class='ocrx_word' id='word_1_308' title='bbox 1116 3374 1204 3435; x_wconf 82' lang='lat' dir='ltr'><strong>solet</strong></span> <span class='ocrx_word' id='word_1_309' title='bbox 1223 3388 1283 3455; x_wconf 83' lang='lat' dir='ltr'><strong>pat</strong></span> 
     </span>
     <span class='ocr_line' id='line_1_37' title="bbox 178 3452 1284 3544; baseline 0.002 -27"><span class='ocrx_word' id='word_1_310' title='bbox 178 3456 310 3536; x_wconf 87' lang='lat' dir='ltr'><strong>ellipsin</strong></span> <span class='ocrx_word' id='word_1_311' title='bbox 344 3452 543 3544; x_wconf 76' lang='grc' dir='ltr'><strong><em>ῇυοῑχῶρα,</em></strong></span> <span class='ocrx_word' id='word_1_312' title='bbox 565 3457 729 3543; x_wconf 83' lang='lat' dir='ltr'><strong>intelligi,</strong></span> <span class='ocrx_word' id='word_1_313' title='bbox 750 3455 807 3521; x_wconf 87' lang='lat' dir='ltr'><strong>aed</strong></span> <span class='ocrx_word' id='word_1_314' title='bbox 823 3458 900 3544; x_wconf 86' lang='lat' dir='ltr'><strong>quia</strong></span> <span class='ocrx_word' id='word_1_315' title='bbox 920 3458 1025 3541; x_wconf 85' lang='lat' dir='ltr'><strong>ipsum</strong></span> <span class='ocrx_word' id='word_1_316' title='bbox 1047 3462 1109 3544; x_wconf 66' lang='grc' dir='ltr'><strong><em>γῆν</em></strong></span> <span class='ocrx_word' id='word_1_317' title='bbox 1126 3476 1210 3519; x_wconf 80' lang='lat' dir='ltr'><strong>mox</strong></span> <span class='ocrx_word' id='word_1_318' title='bbox 1228 3476 1284 3519; x_wconf 83' lang='lat' dir='ltr'><strong>aa·</strong></span> 
     </span>
    </p>

    <p class='ocr_par' dir='ltr' id='par_1_9' title="bbox 180 3540 1307 4057">
     <span class='ocr_line' id='line_1_38' title="bbox 204 3540 450 3609; baseline 0.016 -9"><span class='ocrx_word' id='word_1_319' title='bbox 204 3540 302 3601; x_wconf 89' lang='lat' dir='ltr'><strong>uitur.</strong></span> <span class='ocrx_word' id='word_1_320' title='bbox 357 3564 450 3609; x_wconf 79' lang='lat' dir='ltr'><strong>arra.</strong></span> 
     </span>
     <span class='ocr_line' id='line_1_39' title="bbox 180 3560 1286 3715; baseline 0.007 -28"><span class='ocrx_word' id='word_1_321' title='bbox 180 3560 203 3623; x_wconf 70' lang='lat' dir='ltr'>q</span> <span class='ocrx_word' id='word_1_322' title='bbox 267 3625 346 3688; x_wconf 78' lang='lat' dir='ltr'><strong>Eud.</strong></span> <span class='ocrx_word' id='word_1_323' title='bbox 359 3631 382 3688; x_wconf 90' lang='lat'><strong>1.</strong></span> <span class='ocrx_word' id='word_1_324' title='bbox 395 3630 427 3697; x_wconf 80' lang='lat'><strong>5.</strong></span> <span class='ocrx_word' id='word_1_325' title='bbox 450 3629 713 3715; x_wconf 73' lang='grc' dir='ltr'><strong><em>Μαυρουσίᾳ]</em></strong></span> <span class='ocrx_word' id='word_1_326' title='bbox 736 3629 947 3712; x_wconf 80' lang='grc' dir='ltr'><strong><em>Μαυριτανίαι</em></strong></span> <span class='ocrx_word' id='word_1_327' title='bbox 959 3621 1034 3694; x_wconf 81' lang='lat' dir='ltr'><strong>dio·</strong></span> <span class='ocrx_word' id='word_1_328' title='bbox 1060 3620 1084 3711; x_wconf 69' lang='grc' dir='ltr'><em>ἦ</em></span> <span class='ocrx_word' id='word_1_329' title='bbox 1099 3622 1156 3711; x_wconf 72' lang='lat' dir='ltr'><strong>pit</strong></span> <span class='ocrx_word' id='word_1_330' title='bbox 1181 3632 1286 3714; x_wconf 71' lang='lat' dir='ltr'><strong>itm-</strong></span> 
     </span>
     <span class='ocr_line' id='line_1_40' title="bbox 180 3703 1288 3821; baseline 0.006 -48"><span class='ocrx_word' id='word_1_331' title='bbox 180 3704 277 3794; x_wconf 80' lang='grc' dir='ltr'><strong><em>τᾶυη,</em></strong></span> <span class='ocrx_word' id='word_1_332' title='bbox 300 3707 369 3793; x_wconf 75' lang='grc' dir='ltr'><strong>ἡδὲ</strong></span> <span class='ocrx_word' id='word_1_333' title='bbox 383 3717 569 3797; x_wconf 83' lang='grc' dir='ltr'><strong><em>Καισαρεία,</em></strong></span> <span class='ocrx_word' id='word_1_334' title='bbox 590 3709 633 3790; x_wconf 76' lang='grc' dir='ltr'><strong>ὥς</strong></span> <span class='ocrx_word' id='word_1_335' title='bbox 652 3714 835 3798; x_wconf 74' lang='grc' dir='ltr'><strong><em>Μαρκιανὸς</em></strong></span> <span class='ocrx_word' id='word_1_336' title='bbox 847 3716 881 3780; x_wconf 74' lang='grc' dir='ltr'><strong><em>ἐν</em></strong></span> <span class='ocrx_word' id='word_1_337' title='bbox 901 3716 1048 3821; x_wconf 76' lang='lat' dir='ltr'><strong>napinip.</strong></span> <span class='ocrx_word' id='word_1_338' title='bbox 1070 3748 1109 3799; x_wconf 68' lang='lat'><strong>7-</strong></span> <span class='ocrx_word' id='word_1_339' title='bbox 1126 3703 1288 3798; x_wconf 64' lang='lat' dir='ltr'><strong>Mami·</strong></span> 
     </span>
     <span class='ocr_line' id='line_1_41' title="bbox 182 3792 1194 3885; baseline 0.007 -26"><span class='ocrx_word' id='word_1_340' title='bbox 182 3815 263 3873; x_wconf 83' lang='grc' dir='ltr'><strong><em>σιοκ,</em></strong></span> <span class='ocrx_word' id='word_1_341' title='bbox 286 3799 338 3861; x_wconf 72' lang='grc' dir='ltr'><strong>καὶ</strong></span> <span class='ocrx_word' id='word_1_342' title='bbox 351 3806 501 3885; x_wconf 76' lang='grc' dir='ltr'><strong><em>Μαῦροι,</em></strong></span> <span class='ocrx_word' id='word_1_343' title='bbox 526 3801 618 3875; x_wconf 71' lang='grc' dir='ltr'><strong><em>ἔθνος</em></strong></span> <span class='ocrx_word' id='word_1_344' title='bbox 633 3802 706 3885; x_wconf 78' lang='grc' dir='ltr'><strong><em>μέγα</em></strong></span> <span class='ocrx_word' id='word_1_345' title='bbox 718 3797 856 3884; x_wconf 60' lang='grc' dir='ltr'><strong>Λιβύης,</strong></span> <span class='ocrx_word' id='word_1_346' title='bbox 878 3792 921 3877; x_wconf 69' lang='grc' dir='ltr'><strong>ὦς</strong></span> <span class='ocrx_word' id='word_1_347' title='bbox 938 3802 1050 3865; x_wconf 82' lang='lat' dir='ltr'><strong>Kooud</strong></span> <span class='ocrx_word' id='word_1_348' title='bbox 1069 3796 1194 3880; x_wconf 50' lang='lat' dir='ltr'><strong>utut-,dt</strong></span> 
     </span>
     <span class='ocr_line' id='line_1_42' title="bbox 182 3822 1307 3968; baseline 0.011 -26"><span class='ocrx_word' id='word_1_349' title='bbox 182 3904 226 3962; x_wconf 82' lang='grc' dir='ltr'><strong>τῳ</strong></span> <span class='ocrx_word' id='word_1_350' title='bbox 247 3888 427 3959; x_wconf 72' lang='grc' dir='ltr'><strong><em>Παρθικῶν.</em></strong></span> <span class='ocrx_word' id='word_1_351' title='bbox 448 3880 484 3949; x_wconf 78' lang='grc' dir='ltr'><strong>τὸ</strong></span> <span class='ocrx_word' id='word_1_352' title='bbox 503 3882 645 3959; x_wconf 66' lang='lat' dir='ltr'><strong>lavinia,</strong></span> <span class='ocrx_word' id='word_1_353' title='bbox 668 3883 880 3968; x_wconf 74' lang='grc' dir='ltr'><strong><em>Μαυρούσιος.</em></strong></span> <span class='ocrx_word' id='word_1_354' title='bbox 898 3880 936 3961; x_wconf 69' lang='lat' dir='ltr'><strong>td</strong></span> <span class='ocrx_word' id='word_1_355' title='bbox 952 3822 1119 3966; x_wconf 52' lang='lat' dir='ltr'><strong>dolenda</strong></span> <span class='ocrx_word' id='word_1_356' title='bbox 1294 3905 1307 3919; x_wconf 75' lang='lat'><em>⁶</em></span> 
     </span>
     <span class='ocr_line' id='line_1_43' title="bbox 185 3960 1088 4057; baseline 0.011 -30"><span class='ocrx_word' id='word_1_357' title='bbox 185 3967 243 4037; x_wconf 77' lang='grc' dir='ltr'><strong>οἱς.</strong></span> <span class='ocrx_word' id='word_1_358' title='bbox 288 3966 390 4049; x_wconf 67' lang='lat' dir='ltr'><strong>steph.</strong></span> <span class='ocrx_word' id='word_1_359' title='bbox 409 3965 449 4032; x_wconf 85' lang='lat' dir='ltr'><strong>de</strong></span> <span class='ocrx_word' id='word_1_360' title='bbox 465 3967 544 4031; x_wconf 82' lang='lat' dir='ltr'><strong>Urb.</strong></span> <span class='ocrx_word' id='word_1_361' title='bbox 561 3990 632 4053; x_wconf 85' lang='lat' dir='ltr'><strong>pag.</strong></span> <span class='ocrx_word' id='word_1_362' title='bbox 647 3973 721 4039; x_wconf 80' lang='lat'><strong>541.</strong></span> <span class='ocrx_word' id='word_1_363' title='bbox 739 3970 854 4055; x_wconf 74' lang='lat' dir='ltr'><strong>ibique</strong></span> <span class='ocrx_word' id='word_1_364' title='bbox 874 3960 1088 4057; x_wconf 50' lang='lat' dir='ltr'><strong>Viss&#39;ffl‘</strong></span> 
     </span>
    </p>

    <p class='ocr_par' dir='ltr' id='par_1_10' title="bbox 188 4047 1062 4137">
     <span class='ocr_line' id='line_1_44' title="bbox 188 4047 1062 4137; baseline 0.018 -28"><span class='ocrx_word' id='word_1_365' title='bbox 188 4047 289 4114; x_wconf 73' lang='lat' dir='ltr'><strong>Strui.</strong></span> <span class='ocrx_word' id='word_1_366' title='bbox 305 4051 420 4131; x_wconf 80' lang='lat' dir='ltr'>XVII,</span> <span class='ocrx_word' id='word_1_367' title='bbox 436 4060 466 4121; x_wconf 77' lang='grc'><strong>2.</strong></span> <span class='ocrx_word' id='word_1_368' title='bbox 482 4075 530 4137; x_wconf 85' lang='lat' dir='ltr'><strong>tq.</strong></span> <span class='ocrx_word' id='word_1_369' title='bbox 552 4053 672 4119; x_wconf 73' lang='lat' dir='ltr'><strong>Lanu.</strong></span> <span class='ocrx_word' id='word_1_370' title='bbox 910 4114 913 4121; x_wconf 96' lang='lat'><strong>.</strong></span> <span class='ocrx_word' id='word_1_371' title='bbox 938 4106 942 4115; x_wconf 83' lang='lat'><em>·</em></span> <span class='ocrx_word' id='word_1_372' title='bbox 960 4048 1062 4124; x_wconf 54' lang='lat' dir='ltr'><strong>..diff</strong></span> 
     </span>
    </p>
   </div>
   <div class='ocr_carea' id='block_1_4' title="bbox 0 0 1359 4680">
    <p class='ocr_par' dir='ltr' id='par_1_11' title="bbox 0 0 1359 4680">
     <span class='ocr_line' id='line_1_45' title="bbox 0 0 1359 4680; baseline 0 0"><span class='ocrx_word' id='word_1_373' title='bbox 0 0 1359 4680; x_wconf 95' lang='lat' dir='ltr'><strong> </strong></span> 
     </span>
    </p>
   </div>
  </div>
 </body>
</html>
