2634 4680
309 308 374 356 ru
425 256 912 399 usan'o'r'tnutr.
1086 262 1188 363 ‘dds'

68 454 121 515 An
141 454 242 537 igitur
267 451 446 530 dubitavit,
482 448 558 512 nuni
577 435 841 539 ‘iustae—(dystro
864 444 1077 537 praesitte‘ti'
1089 451 1166 537 quis
1218 522 1221 527 ¹

67 539 200 624 irfusum
213 544 245 600 in
264 541 438 600 mortarium
456 562 566 622 aquam
583 553 667 599 recte
687 538 833 600 vertitur.
878 532 1047 600 Sed'ui'hil
1062 542 1164 620 opitt't

67 643 141 681 nam
157 643 239 704 aqua
251 624 342 705 prius
359 621 489 683 aliunde
506 623 701 692 effunditur,
725 635 800 683 ante
814 620 907 706 quam
922 618 1114 703 infundatur
1129 622 1167 684 id

66 707 263 767 mortarium.
307 706 377 768 Nec
401 704 575 791 ¹quidquam
599 706 677 767 novi
695 720 762 782 est,
786 696 1167 790 praepositionem'deqnl

67 791 258 850 contrariam
275 791 342 868 illi,
368 813 438 851 cum
454 813 514 876 qua
529 790 659 852 verbum
669 805 726 873 ¹ost
741 792 967 874 compositum.
1012 791 1067 855 sio
1080 791 1166 871 enini

66 895 162 954 supra
176 876 266 936 Dial.
283 874 427 934 omnium
449 876 552 958 primo
571 874 599 959 β.
616 879 665 944 15.
684 872 761 959 πρὸς
774 874 810 958 μὲ
824 872 995 957 ἀπιδοῦσα,
1011 872 1075 939 :ubi
1089 870 1169 961 ιιριλξ

64 972 97 1018 et
114 952 174 1022 drrd
191 958 234 1018 nd
251 974 282 1021 et
296 959 335 1018 ab
351 974 456 1022 tamen
473 965 674 1043 junguntur,
696 964 748 1020 vel
765 960 874 1040 potius
896 968 962 1021 se'se'
985 946 1167 1043 excipiunt
1213 996 1216 1001 ·

64 1042 119 1101 Sic
134 1043 267 1103 Latinis
290 1044 401 1104 o'nulos
418 1044 560 1106 omnium
576 1045 611 1103 in
625 1066 659 1105 se
676 1047 781 1105 evertit
795 1059 827 1105 et
842 1043 969 1113 aduertit
981 1040 1053 1121 eo'd.
1063 1044 1167 1119 ⁸seiisri

64 1125 203 1204 dicitur,
228 1127 337 1209 (quod
352 1131 414 1209 jam
439 1127 580 1189 diximus
601 1130 634 1188 in
653 1131 765 1190 libello
782 1144 897 1189 nostro‘
910 1128 948 1188 de
964 1126 1167 1215 Ambiguisj)

63 1210 115 1269 Ita
132 1210 197 1273 fere
211 1211 251 1271 de
264 1213 374 1273 Domo
391 1236 415 1276 c.
430 1223 459 1283 3.
477 1215 501 1274 f.
524 1212 674 1279 λαλοῦσαν
688 1216 719 1278 ἐκ
731 1220 791 1277 τοῖν
805 1216 921 1296 πετρῶν
936 1214 1072 1283 ἔνδοθεν.
1094 1213 1168 1297 Ars·

61 1298 140 1357 rian.
156 1293 194 1355 de
212 1295 338 1377 Exped.
353 1299 445 1363 Alex.
461 1307 498 1372 2,
516 1309 545 1366 1.
569 1302 601 1374 ’ἐς
615 1303 815 1365 Μακεδονίαν
832 1292 1034 1378 inserimini
1045 1292 1168 1383 τ’ὅνιιλ-

61 1387 163 1460 λεμον.
194 1381 262 1440 Ubi
276 1378 436 1457 nigerrimi
452 1404 582 1467 quoque
596 1399 672 1445 sunt
690 1383 857 1466 opposits;
882 1324 1009 1465 sedpro
1024 1378 1168 1481 dornspi-
1239 1460 1245 1467 ¹

62 1482 136 1546 ψων
153 1466 249 1525 etiarn
264 1468 536 1550 ἕτιστρέψονοὶτί
559 1483 687 1552 posset,
711 1469 832 1553 exigno
849 1466 979 1553 quidem
1001 1464 1168 1527 discam:

61 1570 114 1611 ne.
145 1550 210 1611 ⁴Ita
224 1553 362 1631 ἐκφέρειν
378 1557 423 1628 εἰς’
435 1556 549 1636 δῆμον,
578 1556 681 1639 «fferre
696 1558 728 1615 in
740 1550 863 1636 vulgr'rs,
887 1546 1009 1618 notrrm.
1040 1550 1166 1637 minag

63 1635 100 1697 st
117 1636 281 1718 relegisset
297 1637 432 1700 Reitzius
447 1660 501 1716 ea,
526 1660 606 1721 quae
628 1637 758 1700 Solorius
776 1635 816 1698 ad
830 1640 913 1704 Piso.
931 1658 959 1701 o,
977 1642 1030 1711 24.
1056 1634 1168 1696 brevi-

60 1734 110 1780 ter
124 1719 272 1803 quidem,
297 1722 352 1782 sed
368 1722 445 1782 satis
465 1728 565 1799 clare,
590 1721 781 1800 declaravit,
812 1723 949 1787 vidisset
961 1723 1054 1781 illum
1067 1720 1168 1809 ξκχλοις

60 1805 92 1867 h.
108 1810 130 1866 1.
146 1805 297 1867 mendose
312 1807 466 1888 scriptum
481 1806 656 1889 judicasse,
679 1806 741 1867 boo
760 1809 831 1889 ipso
847 1827 921 1869 vero
936 1808 1008 1873 loco
1024 1803 1103 1871 satis
1117 1802 1167 1867 r'ei

60 1890 179 1972 ligiose
192 1890 355 1951 monuisse
371 1891 457 1951 nihil
474 1892 508 1951 in
524 1889 608 1954 Edd.
624 1891 731 1952 variae
745 1890 897 1952 lectionis
914 1889 1059 1970 reperiri.
1082 1890 1166 1949 Res·-

61 1987 95 2032 te
117 1988 221 2033 tamen
239 1973 373 2037 Reitrins
399 1976 583 2059 cuicunque
599 1974 819 2038 emendationi
841 1995 910 2037 sese
927 1972 1087 2059 opponit‚'
1103 1968 1167 2039 ri'to'

59 2061 144 2116 male
162 2056 309 2125 defendit
327 2063 488 2145 vulgatam
502 2061 686 2123 lectionem.
711 2061 830 2122 Luna.
957 2118 962 2131 f
1160 2074 1167 2087 ²

145 2141 225 2202 ibid·
251 2143 373 2209 Πτίττοι
393 2180 438 2194 --
457 2147 607 2225 πτίττων)
631 2145 780 2222 Scholia,
802 2147 935 2227 τιτίσσιον
954 2148 1005 2206 v'el
1024 2144 1165 2225 mittor:

59 2228 110 2288 M·
127 2241 233 2287 sutem
252 2227 306 2287 hic
326 2226 474 2310 πτήττιον,
499 2246 531 2290 et
548 2244 643 2312 supra
658 2226 791 2311 πτήττοι.
838 2228 937 2313 Quod
955 2226 1164 2313 emendatio-

61 2334 134 2372 nem
147 2310 270 2372 Kusten'
288 2313 373 2394 apud
387 2314 514 2376 Suidam
526 2315 560 2374 in
575 2314 613 2380 dv
626 2312 740 2402 ἆπολῇς
755 2330 815 2376 etc.
840 2315 967 2399 egregie
982 2307 1161 2391 confirmat.

60 2396 136 2458 Vid.
163 2396 246 2458 Plut.
260 2405 334 2475 799,
353 2407 382 2465 2.
402 2400 553 2483 impressi
572 2422 679 2463 omnes
696 2397 789 2481 πλήττ
810 2408 862 2463 4.
886 2398 1016 2462 Sossrr.
1062 2396 1114 2463 Sic
1130 2409 1163 2461 et

59 2481 141 2541 Οὐδ·
155 2489 248 2551 2954·
274 2483 336 2546 Sed
352 2482 593 2553 (30310583011.
611 2488 709 2546 lectio
734 2506 750 2543 a
766 2484 874 2545 Belino
887 2505 952 2544 non
976 2482 1160 2556 enarraturg

58 2565 161 2641 unde,
187 2567 214 2624 si
242 2566 280 2627 de
299 2567 401 2629 Betim·
420 2570 584 2629 constanti
607 2570 812 2630 accuratione
837 2582 1016 2639 constaret,
1047 2564 1161 2709 οολλίξί

57 2665 183 2731 posset,
207 2650 380 2711 lectionem
398 2651 605 2730 licinianam,
629 2674 722 2736 quam
738 2650 863 2714 Belinus
881 2653 973 2731 sequi
988 2656 1088 2728 solet,
1105 2649 1123 2709 'i
1148 2648 1166 2709 ἲ

58 2733 250 2796 confirmari.
297 2732 468 2817 Quidquid
483 2737 544 2813 sit,
570 2737 745 2798 certissima
765 2750 812 2795 est
831 2735 1030 2797 scholiastae
1043 2730 1165 2813 lectio,¹
1199 2762 1202 2767 >

59 2832 238 2900 quamtum
263 2815 395 2879 Codicis
416 2820 465 2879 Μ.
487 2817 623 2899 τιτῆττοον
646 2836 679 2881 et
697 2817 837 2902 πτήττοτ,
868 2834 935 2881 tum
960 2818 1072 2881 Suidoe
1094 2816 1161 2879 'vox

57 2908 175 2966 πέσσων
188 2923 205 2962 a
221 2901 349 2964 Kusrero
364 2903 504 2965 feliciter
518 2904 704 2983 emendata,
727 2903 925 2969 confirmant.
970 2903 1033 2963 Pro
1046 2900 1160 2963 Lucio·

59 3011 130 3063 rino,
157 2983 196 3049 div
210 2985 383 3075 ἆττοβολλῃς,
408 2986 520 3050 Suidus
533 2989 630 3050 refert
645 2985 683 3053 dv
695 2986 829 3078 ἆιιολῇς,
851 2988 986 3048 minimo
1000 2985 1161 3046 discrimi-

58 3094 109 3130 ne.
155 3072 228 3132 Hoc
251 3086 355 3133 autern
382 3072 521 3153 turpiter
545 3072 731 3157 corruptum
751 3073 859 3136 reddit
878 3072 1020 3135 Erasinus
1036 3068 1159 3159 A'dsgg.

61 3155 148 3218 Chii·
169 3156 214 3215 II·
232 3156 325 3222 Ceut.
346 3164 373 3224 1.
390 3179 420 3217 n.
441 3162 493 3225 59.
510 3155 679 3235 ἆνοντολεῖς.
704 3160 826 3220 Latris.
936 3196 947 3205 =
1118 3170 1122 3179 '

145 3240 222 3304 End.
239 3246 260 3302 l.
277 3248 324 3306 11.
358 3238 446 3306 Orien
463 3243 516 3324 μὲν
534 3237 678 3328 ὅργῖλος)
707 3244 845 3328 Quaerit
865 3242 1053 3322 Lucienus,
1080 3260 1160 3303 num

60 3327 281 3387 Hermotimus
295 3342 429 3408 excepta
447 3328 652 3408 eruditione,
677 3329 758 3392 uelit
770 3326 968 3412 praeceptori
986 3349 1045 3388 suo
1069 3324 1160 3386 sirni-

59 3414 99 3471 lis
115 3433 200 3486 esse,
225 3407 303 3477 οὕτω
316 3412 369 3491 μὲν
386 3409 519 3497 ὀργῖλος,
543 3412 622 3480 οὕτω
637 3416 668 3481 δὲ
686 3411 886 3521 μικρολόγος,
915 3408 994 3478 οὕτω
1016 3412 1048 3476 δὲ
1069 3404 1176 3509 φιλλ-ἶ

56 3522 157 3570 νεικος
173 3493 232 3574 niv,
259 3495 506 3577 tolomaidam,
532 3494 570 3580 νὴ
584 3494 654 3580 Δί’,
678 3504 708 3565 εἰ
720 3501 771 3564 κοιλ
785 3527 825 3581 μη
839 3504 903 3572 τοῖς
922 3504 1047 3572 πολλοῖς
1063 3500 1159 3561 δοκεῖ.

61 3588 165 3645 ΕΡΜ.
183 3585 240 3647 τίσι
258 3607 290 3663 γε
300 3608 310 3661 ,·
353 3588 454 3648 ΛΤΚ.
468 3574 493 3646 ὦ
503 3579 676 3667 Ἑρμότιμε,
700 3586 799 3659 θέλεις
812 3580 1004 3667 διηγήσομαι.
1046 3579 1159 3667 Primo

58 3670 139 3725 rnnle
152 3661 330 3749 μικρολόγος
342 3666 475 3727 vertitur
486 3669 529 3727 ita
540 3672 682 3747 minutus,
707 3691 779 3730 cum
793 3667 835 3728 sit
847 3665 1001 3744 sordidus,
1026 3664 1164 3755 avarus}

59 3750 134 3810 dein
151 3750 228 3832 qnid
247 3751 458 3832 interrogatio
478 3756 583 3836 cinips
608 3754 669 3813 sibi
696 3753 794 3827 velit,
825 3773 892 3815 non
921 3750 1029 3814 video.
1072 3748 1159 3812 Nam

58 3856 130 3893 eum
147 3833 282 3897 dixisset
299 3834 482 3910 Lucienus,
506 3840 629 3899 velisne
651 3837 852 3919 praeceptori
869 3851 927 3898 tuo
943 3849 1067 3919 praeter
1081 3832 1163 3909 dot-J

57 3919 174 3979 trinam
190 3919 304 3980 similis
322 3940 405 3996 esse,
437 3942 508 3980 cum
535 3922 577 3983 sit
596 3937 658 3982 tam
687 3920 877 3999 iracundus,
901 3934 966 3982 tem
986 3918 1156 3997 sordidus,

58 4016 122 4061 tam
148 4002 292 4078 rixosus,
324 4021 357 4063 et
378 4006 557 4087 voluptatis
579 4028 637 4088 per
656 4007 768 4071 Jovem
792 4028 915 4085 amans,
944 4004 1024 4067 lieet
1045 4003 1156 4065 multis

58 4108 125 4147 non
147 4085 297 4149 videatur
317 4088 391 4151 talis
411 4089 504 4153 esse?
538 4090 649 4154 subdit
670 4093 910 4159 Hermotimus:
947 4086 1160 4177 Quibusnam?
