2634 4680
285 291 895 343 rnunnnotruutt.
1067 278 1143 348 399

43 456 190 522 terquam
205 439 296 522 quod
310 440 345 499 in
362 451 498 519 unaque
517 434 591 498 Ald.
605 434 647 498 ob
661 438 850 518 scripturam
871 437 1142 518 compendiariam

45 540 196 585 accentus
212 523 252 583 ad
266 525 410 584 ultimam
424 521 580 602 syllabam
593 522 755 604 pertinere
771 518 874 582 videri
885 534 1003 604 potest.
1021 524 1142 588 Lanu.
1220 529 1223 535 '
1267 526 1270 532 '

20 698 28 711 .
131 641 208 702 Eud.
224 646 247 701 l.
262 650 292 709 6.
313 638 450 720 Ἀθηνᾶν
465 641 511 717 δὲ,
536 643 638 704 ολκλαν
658 643 741 714 eto.)
769 637 942 714 Adleverat
963 661 1037 702 orae
1060 641 1139 715 edit.

46 728 163 788 Graev.
190 729 226 790 T.
242 726 408 791 Hemsterle.
423 725 500 787 vid.
522 725 653 786 Aristid.
670 726 709 783 T.
727 723 754 784 Ι.
771 744 842 805 pag.
856 731 907 789 21.
922 722 960 784 C.
975 724 1033 784 ubi
1057 726 1140 790 teth.

44 811 133 870 hunc
146 815 253 871 locum
273 825 376 872 notat.
432 808 494 871 Sed
513 831 583 868 cum
605 831 639 869 ea
655 807 736 866 mibi
755 805 856 868 editio
872 828 938 866 non
955 807 999 868 sit
1011 809 1050 869 ad
1070 833 1143 870 ma-

44 917 126 971 nus,
151 894 228 977 quid
245 895 292 954 ibi
311 908 542 955 commentator
551 895 607 953 ille
622 893 737 952 habeat
745 940 754 967 ,
778 889 893 953 addere
914 913 979 952 non
1001 915 1141 974 possum.

42 981 168 1038 Rnrrz.
218 979 367 1042 Aristidis
392 977 507 1053 verba,
544 998 625 1061 quae
653 975 891 1037 Hemsterbusius
916 975 1075 1039 indicavit
1099 1001 1141 1040 ex

43 1065 165 1144 Hymn.
182 1063 216 1123 in
231 1066 375 1125 Minerv.
391 1083 425 1144 p.
437 1071 489 1128 21.
505 1059 554 1123 ed.
574 1060 686 1124 Canter.
704 1059 783 1119 haec
798 1074 892 1121 sunt:
914 1094 957 1108 -
978 1061 1143 1128 sotaldis.

41 1175 97 1222 τας
113 1153 206 1212 οἰκεῖν
221 1151 253 1213 ἓν
265 1154 366 1235 τουτοϊ
378 1151 449 1229 μίαν
470 1149 629 1210 συνοικίαν
649 1140 758 1249 κοινήν
775 1146 1063 1226 περιβαλλομένους,
1086 1144 1141 1228 ἡδ’

42 1227 201 1316 (Ἀθηνᾶ)
227 1228 337 1313 ἔοιλνὴ
352 1236 498 1297 πείσασα·
521 1228 596 1296 ὅθεν
612 1230 649 1313 δὴ
670 1232 722 1296 καλ
742 1236 905 1310 πολιοῦχος
919 1227 1014 1294 ἅπασι
1028 1234 1141 1316 κέκλη-

40 1320 244 1381 tut.La11n1.
277 1357 280 1365 ,

129 1401 206 1463 Eud.
223 1405 244 1464 l.
264 1410 313 1468 11.
331 1396 518 1487 Ἐπὲπληξε)
539 1399 589 1460 Ita
605 1421 664 1480 pro
680 1402 811 1483 vulgato
831 1401 966 1481 ἐξέπληξε
984 1399 1059 1461 dare
1072 1423 1141 1462 non
1164 1384 1170 1409 ¹

42 1486 222 1563 haesitavi3
244 1487 327 1547 idem
343 1484 474 1546 verbum
488 1484 645 1557 extribus
668 1484 772 1547 codd.
787 1485 936 1546 similiter
950 1488 1078 1547 restitui
1092 1486 1142 1546 in·

41 1572 91 1629 fra
107 1593 134 1630 c.
149 1579 199 1638 31.
222 1572 345 1632 Rura.
1159 1587 1165 1621 ¹

129 1688 209 1751 Eud.
223 1694 247 1753 l.
266 1697 315 1756 14.
338 1694 380 1756 Εἰ
389 1686 550 1772 ψεύδεται)
578 1690 679 1749 Pravo
693 1688 749 1749 bic
764 1711 872 1753 omnes
887 1688 910 1772 ἦ
919 1743 927 1771 ,
952 1691 1038 1775 quod
1052 1691 1091 1752 B.
1107 1699 1139 1760 2.

43 1779 111 1834 sola
127 1774 172 1832 ita
185 1775 378 1837 emendavit.
401 1778 528 1838 Sonare.
564 1770 610 1836 Ἢ
618 1777 630 1850 )
653 1777 696 1836 Εἰ
705 1774 743 1838 B.
757 1783 786 1840 2.
802 1780 900 1835 solam
919 1793 1004 1836 recte
1016 1781 1138 1857 legere,

43 1862 184 1940 reliquas
209 1882 279 1918 cum
302 1859 384 1922 cod.
415 1861 464 1919 M.
485 1862 567 1919 male
588 1853 610 1938 ἦ
634 1857 770 1930 babere,
808 1874 975 1922 notaverat
1000 1861 1139 1923 Solonas.

43 1944 137 2017 Non,
162 1941 273 2019 credo,
299 1943 386 2024 quod
401 1938 598 2023 ignoraretii
620 1976 661 1988 -·
682 1937 704 2021 ἦ
717 1942 898 2017 rectedici3
923 1966 993 2002 narn
1010 1949 1061 2004 vel
1075 1944 1140 2004 boc
1254 1958 1257 1962 “

45 2050 86 2087 ex
102 2022 249 2108 adagioti
264 2031 350 2106 πῖθι,
373 2023 394 2109 ἢ
408 2026 498 2091 ἔπιθι
513 2028 733 2104 notissimum,
765 2027 820 2087 sed
842 2028 929 2110 quod
945 2028 998 2088 hic
1017 2032 1044 2093 εἰ
1057 2049 1143 2087 con-

43 2109 228 2170 venientius
243 2111 381 2174 duceret.
425 2114 536 2173 Potest
550 2123 655 2179 autem
670 2126 752 2171 stare
764 2117 906 2194 vulgata,
928 2114 990 2172 etsi
1007 2128 1140 2193 propter
1230 2138 1234 2149 =

44 2195 191 2276 proxime
211 2196 401 2276 praecedens
419 2199 485 2270 καὶ,
515 2196 623 2255 forsan
644 2197 757 2255 melius
779 2198 862 2257 foret
884 2201 911 2260 εἰ
927 2219 984 2278 pro
1002 2195 1031 2276 ἥ.
1076 2195 1141 2257 sed

44 2282 74 2339 si
91 2282 140 2342 καὶ
153 2284 247 2358 plane
266 2280 406 2359 abesset,
428 2305 465 2342 ac
482 2275 585 2361 tumii
605 2317 648 2328 -
667 2275 841 2364 ἢλεςοιοο,
865 2283 951 2341 nibil
973 2278 1142 2342 desidera-

43 2387 125 2424 rem:
150 2379 182 2422 at
198 2364 305 2425 Noster
327 2367 423 2426 nimis
444 2379 529 2426 amat
549 2366 715 2445 illudenti,
746 2364 832 2449 quod
855 2371 906 2427 vel
930 2366 969 2425 ad
990 2387 1141 2426 nauseam

44 2449 177 2507 infarcit
195 2451 228 2507 in
248 2450 356 2512 Somn.
371 2473 398 2510 c.
417 2460 446 2517 1.
462 2461 491 2517 2.
507 2459 536 2518 3.
560 2452 683 2515 Rarrz.
720 2446 773 2514 Ἢ
791 2452 825 2508 in
839 2452 940 2530 priori
961 2466 1051 2533 parte
1077 2449 1142 2511 ob-

43 2533 152 2612 liquae
170 2533 434 2617 interrogationis
448 2556 576 2616 prorsus
590 2557 710 2595 novum
725 2549 757 2595 et
772 2526 953 2594 inauditum
967 2550 1024 2596 est.
1070 2535 1141 2598 Jam

46 2639 143 2697 quum
166 2616 291 2676 constet
315 2618 356 2677 ob
373 2619 670 2698 pronuntiationem
692 2640 788 2678 unam
811 2618 1006 2700 eandemque
1029 2615 1098 2701 diet
1115 2620 1145 2682 εἰ

45 2700 230 2780 saepissime
247 2723 263 2758 a
284 2701 424 2761 librariis
448 2718 654 2762 commutatas
668 2724 752 2775 esse,
776 2702 854 2781 ebh·
869 2707 890 2766 l.
907 2726 972 2764 non
985 2709 1088 2762 solum
1101 2703 1140 2762 B.

45 2793 77 2849 2.
96 2783 150 2842 sed
168 2785 262 2843 etiam
280 2788 313 2846 B.
327 2795 357 2852 3.
374 2807 480 2846 revera
504 2789 531 2848 εἰ
544 2786 733 2864 exhibeant,
756 2785 842 2869 quod
855 2787 950 2861 unice
967 2787 1140 2848 convenit:

46 2889 113 2926 non
131 2884 188 2938 est,
203 2869 290 2948 quod
306 2870 446 2952 genuina
458 2870 555 2930 lectio
570 2869 705 2952 amplius
717 2891 734 2928 a
747 2874 821 2931 loco
835 2871 899 2930 sibi
914 2870 1023 2932 debito
1038 2891 1143 2932 arcea-

46 2967 107 3015 tur.
131 2954 249 3016 Lnrrm.

1307 612 1312 649 l

132 3050 423 3138 Ead.1.15·‘tteta
442 3053 497 3121 cdv
520 3057 660 3142 Λογκὲα)
681 3057 798 3142 Lynceo
815 3060 1026 3144 perspicacior.
1069 3057 1144 3118 Per-

49 3138 211 3215 spicaces,
234 3139 451 3223 intelligentes
467 3157 499 3203 et
519 3159 612 3204 acute
624 3142 852 3225 subtiliterque
869 3143 1016 3204 videntes
1030 3141 1146 3222 Lyncei

50 3222 220 3310 dicuntur,
243 3245 309 3282 non
334 3227 480 3305 aLynce
502 3229 653 3303 animali,
678 3229 732 3289 sed
752 3252 771 3290 a
789 3231 925 3306 Lynceo
944 3230 1147 3310 Argonauta·

49 3330 118 3365 rum
135 3327 218 3382 uno,
244 3308 302 3388 qui
318 3309 487 3371 dictitabat
499 3318 581 3372 oltra
600 3314 751 3388 parietem
768 3314 895 3393 videre3
917 3313 1043 3374 Hieron.
1059 3329 1145 3370 con-

49 3407 98 3450 tra
114 3391 133 3453 J
137 3413 192 3465 oa,
214 3393 442 3476 origenistam.
489 3397 523 3457 V
521 3397 562 3458 al.
578 3397 682 3460 Flacc.
701 3399 742 3464 L.
758 3399 785 3458 1.

416 3515 460 3528 —
482 3505 605 3564 cumque
619 3483 737 3542 aethera
752 3483 886 3567 Iuppiter
898 3481 1004 3542 umbra

215 3561 381 3624 Perdiderit
395 3564 494 3640 solus,
517 3566 662 3628 transibat
681 3567 779 3627 sidera
791 3570 937 3652 Lynceus.
1162 3638 1169 3649 ι

52 3646 133 3718 Plin.
149 3648 187 3711 L.
206 3648 262 3707 IV.
280 3670 307 3707 c.
326 3656 375 3715 10.
396 3647 458 3710 Cic.
482 3648 521 3709 de
543 3670 593 3712 eo.
630 3652 758 3714 Lucion.
777 3651 988 3731 Icaromenip.
1004 3662 1037 3711 et
1051 3647 1142 3718 Did,

49 3732 178 3811 Menip.
197 3746 229 3790 et
245 3732 397 3797 Tiresiae.
428 3734 535 3795 Coun.
580 3735 675 3795 Utin
694 3735 874 3817 Contempl.
897 3736 1030 3800 Bounn.
1069 3728 1144 3799 Vid.

49 3815 246 3894 Aristophon.
262 3816 371 3881 Schol.
390 3818 423 3875 in
438 3819 547 3880 Pluto.
570 3821 697 3883 Vonsr.
741 3818 792 3879 Ita
810 3834 974 3901 corrupte,
998 3832 1035 3878 ut
1050 3816 1143 3880 exbi-

49 3897 122 3968 bui,
146 3919 253 3957 versus
277 3900 349 3961 Val.
373 3901 479 3979 Flacci
496 3918 600 3963 exstat
621 3925 672 3982 ap.
699 3901 792 3984 Coget.
808 3924 900 3986 quem
925 3902 1029 3966 Graev.
1052 3901 1141 3961 Edit.

49 3981 161 4042 eodem
177 3980 274 4041 modo
287 4005 327 4043 ex
343 3987 489 4046 Parisios
504 3985 684 4070 descripsit.
727 3986 791 4051 Sed
809 3988 877 4052 vid.
894 3985 973 4050 edit.
988 3987 1144 4049 Burman·

48 4070 81 4125 ..ι
97 4067 137 4125 L.
153 4065 187 4140 1,
202 4072 275 4132 tae.
290 4068 346 4128 nat
361 4073 447 4152 regu
