2634 4680
256 318 296 365 ru
322 313 503 374 cuonone
529 312 708 363 ursrours
734 314 791 363 srr
817 315 968 367 causon.
1082 300 1162 381 569

64 468 167 539 nicio,
189 462 242 527 nal
259 462 324 541 λέγε
342 456 453 523 οῧτονσί
470 484 537 535 aue
559 453 670 534 doleie-
714 460 929 525 Desiderabat
949 463 1061 549 itaqua
1088 469 1120 535 h.
1139 477 1164 535 l.

63 532 218 611 itucianus
231 546 311 609 tituli
321 544 549 627 simplicitatem,
559 542 593 609 τό
609 541 721 608 οὕτωτί
730 570 796 621 one
809 544 913 624 ἆττλοῖς
925 551 1029 633 λέγειν.
1040 552 1164 621 Luam.

147 665 225 728 End.
241 668 263 730 l.
280 673 310 735 6.
334 658 604 749 Προπεττονηκῶς)
625 662 666 725 G.
681 662 738 726 W.
758 678 790 726 et
808 666 845 727 P.
888 667 930 729 In
953 670 1045 752 impr.
1064 658 1166 747 «τεηο-

64 747 176 837 νηηρς.
199 752 324 811 SoLAtt.
924 796 928 801 .
1153 770 1157 777 ·

147 852 225 917 Eud.
240 856 262 916 l.
277 856 306 917 9.
328 843 452 929 Ἰατροῦ
464 856 518 928 τῆς
531 854 591 913 τοῖν
606 844 806 933 κοντοφόρων
821 846 926 938 ἕκτης)
946 856 1165 941 Interpretan·

63 953 127 1014 tur,
146 936 255 999 medici
270 937 454 997 hastatorum
467 929 590 1017 legionis
600 951 703 996 sextae
710 961 722 1015 ,·
746 957 839 1017 quam
856 937 986 1020 quidem
1004 934 1165 1027 interpre-¹

62 1024 220 1084 tationem
235 1021 340 1101 rejicit
355 1016 452 1092 ordo,
476 1019 638 1101 seriesque
654 1034 686 1079 et
701 1019 822 1100 positia
842 1022 1059 1104 articulorum,
1083 1012 1165 1115 quae

65 1107 199 1168 omnino
223 1105 286 1164 alia
306 1123 373 1165 esse
397 1100 545 1165 debebat.
586 1104 669 1163 Turn
688 1103 723 1162 iu
745 1104 973 1168 Pseudomsnti
988 1116 1165 1175 occurrunt

63 1212 160 1253 voces
183 1190 276 1265 illae,
302 1183 480 1269 στρατιώτας
499 1185 556 1251 δύο
576 1183 766 1271 λογχοφόρον
784 1192 837 1254 stol
853 1191 1053 1273 κοντοφόρον.
1098 1196 1164 1257 Cu.

62 1296 170 1357 parem
193 1274 322 1335 axillis
345 1272 440 1347 scire,
464 1270 595 1354 quinam
622 1295 661 1333 ex
682 1272 734 1333 his
753 1272 916 1357 accederet
938 1275 976 1337 ad
992 1275 1163 1343 hastatos?

64 1375 98 1419 at
115 1359 161 1418 ibi
172 1357 349 1419 Benedictus
365 1378 405 1417 ex
418 1355 559 1434 Erasmo,
582 1354 707 1418 alterum
719 1358 824 1437 lancea
832 1405 843 1435 ,
867 1359 990 1421 altorum
1006 1381 1093 1426 conto
1107 1356 1165 1425 dn-

64 1461 193 1518 rnatum,
217 1464 283 1502 non
297 1441 399 1502 hasta.
442 1439 540 1525 Quod
556 1461 606 1501 me
621 1442 756 1521 attinet,
781 1446 930 1525 opinarer
944 1448 1063 1509 rectius
1079 1450 1164 1511 verti

64 1550 159 1610 posse
176 1549 216 1588 ex
231 1526 522 1609 inscriptionibus,
544 1546 622 1609 quar
638 1525 734 1588 video
750 1528 886 1600 exstare,
907 1530 1033 1593 Dianae.
1059 1536 1098 1594 Τ.
1111 1532 1164 1599 Fl.¹

63 1612 202 1674 Flaccus.
213 1612 311 1699 prssff·
327 1610 403 1674 alae.
431 1610 498 1693 Ulp.
515 1613 732 1691 conterinum,-
754 1615 806 1672 vel
821 1612 949 1677 Dianae.
966 1619 1105 1683 sacravit.
1124 1618 1163 1682 T.

63 1696 111 1759 Pl.
129 1696 262 1757 Italicus.
278 1696 375 1783 praefi
395 1694 470 1756 alae.
489 1704 517 1761 1.
539 1694 606 1777 Ulp.
619 1710 733 1758 contar.
748 1721 774 1758 c.
787 1694 830 1777 X.
864 1696 917 1757 Sia
932 1702 1052 1782 optime
1068 1698 1166 1763 rerba¹

63 1783 187 1843 Graeca
210 1782 316 1842 nostri
339 1780 480 1840 auctoris
506 1779 644 1863 intelligi
665 1792 818 1857 possunt,
841 1782 951 1845 medici
967 1802 1071 1848 sextae
1087 1786 1167 1849 οόα-

62 1868 223 1941 tariorum,
247 1884 361 1946 nempe
375 1869 452 1927 alae.
478 1864 588 1925 Gnou.
630 1865 722 1924 Malo
736 1863 1082 1952 Ieffionemintelligere,
1099 1870 1166 1932 ‚do-

63 1972 123 2011 nec
141 1949 294 2011 Centuriae
314 1949 430 2047 cuique
452 1944 618 2008 Medicum
642 1949 839 2032 assignatum
862 1946 1070 2015 ostendatur(
1102 1946 1167 2018 (lo-²

63 2036 174 2096 hortem
197 2048 302 2092 tamen
327 2032 385 2092 alit
406 2035 548 2107 malunt,
580 2030 655 2116 quis
677 2026 797 2093 nullibi
816 2026 959 2117 [efflantis
980 2037 1166 2101 hastatorirm'

64 2118 187 2180 mentio
205 2117 252 2193 fit,
267 2116 352 2178 inter
367 2137 448 2200 quos
463 2116 514 2179 vir
529 2114 659 2177 doctiss.
672 2117 713 2177 L.
728 2116 819 2202 Faye.
842 2120 937 2181 Certe
950 2116 1048 2206 τάγμα
1065 2118 1166 2186 Οταοζ

64 2203 111 2265 cis
128 2206 197 2285 ejus
213 2202 325 2264 aetatis
340 2216 372 2263 et
387 2202 525 2264 Luciauo
542 2200 604 2283 ipsi
620 2201 726 2286 Legio
744 2204 897 2276 est,infrs
913 2227 940 2266 c.
956 2212 1008 2275 31.
1033 2208 1162 2271 Sorani

69 2334 72 2339 '
148 2323 225 2406 Peg.
247 2329 316 2390 187.
333 2325 356 2387 l.
373 2328 402 2388 1.
427 2318 596 2402 Ἰητρείην)
618 2319 761 2382 Consule
776 2320 925 2405 Hippoor.
939 2326 996 2405 qui
1017 2323 1120 2407 ἰητρὸς
1132 2341 1166 2391 at

63 2410 217 2490 ἰητρείην,
240 2407 276 2467 ui
293 2408 406 2484 fallor,
429 2404 536 2468 habet.
574 2405 653 2467 Cum
671 2404 756 2467 enim
772 2405 915 2468 insulsus
928 2409 990 2471 ista
1005 2434 1023 2470 a
1034 2416 1166 2493 vulgata

63 2492 221 2575 loquendi
238 2490 472 2553 consuetudine
485 2491 520 2549 in
535 2490 625 2565 hisce
638 2490 815 2565 recesserit,
826 2506 859 2552 et
873 2490 913 2551 ad
927 2495 1071 2577 magistri
1080 2497 1166 2577 Hip·

63 2578 207 2665 pacratis
223 2576 398 2637 dialectum
413 2596 447 2637 se
463 2575 677 2649 converterit,
698 2574 745 2634 sic
761 2576 944 2657 scripsisse,
968 2580 1021 2639 uti
1038 2581 1166 2663 Hippo.

65 2676 168 2721 crates
189 2661 376 2737 scripserat,
399 2679 528 2719 necesse
548 2671 612 2731 est,
638 2655 727 2739 quod
749 2673 781 2718 et
796 2659 830 2717 in
845 2660 979 2741 reliquis
994 2665 1166 2729 vocibusn

63 2746 203 2809 Lucieno
224 2743 278 2807 hic
299 2744 405 2805 allatis
418 2742 615 2804 observatur.
659 2742 778 2802 Noster
798 2756 902 2805 tamen
919 2745 1073 2826 ἰητρικὴν,
1096 2770 1166 2831 pou

66 2833 219 2909 ἰητρείην,
243 2847 314 2887 cum
329 2825 444 2887 Icuics
457 2826 587 2902 scribit,
609 2839 714 2885 vocat.
742 2825 818 2887 Vid.
833 2829 888 2887 De
900 2831 971 2890 Dea
988 2832 1058 2911 Syr.
1074 2852 1101 2895 a.
1113 2841 1164 2903 18.

65 2915 191 2974 Soosu.
237 2909 335 2994 Quod
350 2908 480 2971 Salanus
495 2932 560 2972 non
577 2910 732 2990 conjecit,
755 2908 811 2971 ted
826 2926 910 2973 recte
928 2914 1027 2990 vidit,
1049 2916 1167 2995 Ionica¹

66 2998 206 3059 dialecto
222 2996 286 3057 hoc
303 2994 416 3059 vocab.
441 2993 663 3070 scribendum,
688 2993 722 3053 id
739 2994 819 3055 adeo
837 3019 945 3057 verurn
961 3013 1024 3077 est,
1047 3015 1084 3060 ut
1101 3003 1166 3073 Mt.

63 3104 105 3144 ne
119 3080 246 3164 quidem
259 3079 479 3163 indigeamus:
503 3100 600 3164 quare
615 3075 649 3136 id
664 3078 778 3139 invitis
791 3078 875 3143 Edd.
892 3084 1010 3165 recepi.
1038 3085 1166 3155 Ηττον..

65 3166 176 3229 Securi
194 3164 484 3241 suntrecentiores.
506 3168 548 3225 Et
565 3184 638 3224 vere
651 3163 699 3223 sic
711 3168 773 3245 jam
783 3166 820 3223 A.
830 3174 860 3231 2.
870 3166 1023 3229 ediderat.
1044 3170 1165 3233 Lannt.

62 3250 199 3332 Ἰατρτκή
221 3250 302 3311 Plus.
318 3247 356 3310 de
374 3248 477 3311 Educ.
495 3249 561 3324 IX,
576 3250 607 3316 5·
632 3246 780 3327 ἰάτρευσις
797 3250 886 3312 Plato
904 3250 943 3313 tle
964 3252 1104 3334 Republ.
1119 3252 1165 3317 Π.

63 3360 96 3419 p.
118 3345 190 3403 421.
211 3337 257 3397 D.
277 3332 383 3416 Lugd.
403 3335 533 3396 Aristo&
554 3332 654 3410 Phys.
679 3334 724 3396 ΙΙ.
748 3348 772 3395 t.
794 3336 927 3401 14.111.
949 3350 972 3395 t.
996 3344 1026 3411 7.
1050 3340 1145 3419 ἰητροί

64 3423 151 3481 euim
173 3442 229 3502 per
249 3440 282 3480 se
307 3418 501 3500 ambiguum.
523 3454 568 3467 -
592 3417 777 3480 Wtelandius
799 3441 871 3479 cum
893 3419 1005 3483 Salano
1028 3363 1167 3503 hacani¹

62 3507 260 3588 Hippocratis
274 3504 493 3564 imitationem
514 3504 624 3567 refert.
669 3503 730 3565 Sed
745 3504 857 3585 potnit
872 3505 969 3568 etiam
990 3504 1084 3589 sequi
1097 3506 1167 3571 He-

63 3589 322 3653 rodotum.'Rot).
1102 3664 1105 3669 ¹
1136 3636 1165 3655 .-

149 3675 312 3741 Ead.1.a·
335 3676 385 3737 Et
406 3672 446 3738 di
465 3699 510 3755 με
533 3677 551 3739 d
558 3674 608 3759 εἴ]
637 3673 813 3735 Plurimum
832 3675 1011 3737 venustatis
1033 3688 1067 3737 et
1090 3672 1167 3735 itti-

66 3759 169 3820 sionis
185 3758 283 3821 habet
300 3756 354 3818 hie
373 3762 474 3823 locus.
518 3760 592 3819 Hoc
609 3781 708 3818 unum
727 3759 865 3820 breviter
880 3759 1001 3823 dicem:
1025 3756 1166 3837 dubitat,

66 3847 95 3907 εἰ
110 3845 143 3907 δέ
154 3869 190 3923 με
205 3847 254 3908 δεῖ
262 3860 269 3874 ·
294 3865 366 3905 nom
385 3840 492 3923 σοφὸς,
514 3858 552 3903 ut
566 3859 818 3905 consentaneum
833 3859 900 3922 est,
922 3849 958 3904 in
973 3842 1083 3905 stultis
1096 3864 1167 3905 non

67 3926 203 3988 debebat
219 3930 390 3989 numerari.
434 3929 515 3988 Erat
531 3940 648 3990 tamen.
678 3930 771 3989 lion.

149 4010 230 4073 End.
243 4015 266 4071 l·
281 4020 313 4078 7.
337 4009 540 4095 Σονηρώτηοε
559 4009 632 4087 τούς
657 4006 958 4098 ἀναγιγνώσκοντας)
979 4012 1167 4077 Dialectice

65 4117 140 4163 eum
154 4095 331 4163 lectoribus
350 4096 555 4179 dissertavit,
577 4112 615 4159 ut
631 4096 678 4163 ais
690 4118 811 4183 pauca,
832 4094 909 4169 llll
927 4099 1167 4187 συνηρωτημένα
1241 4141 1244 4147 ·
