2634 4680
148 250 227 327 470
420 266 991 335 annumerans-s
1080 262 1091 277 ·

149 415 214 483 Sed
229 414 397 479 Lucienus
416 412 551 495 subjicit
573 413 787 475 narrationem
801 412 843 475 de
864 416 1014 477 sordibus
1029 430 1066 479 et
1087 416 1259 479 iracundia

149 502 286 569 alterius
298 497 492 643 philospplti
505 498 655 575 senioris,
677 519 758 582 quaa
773 500 959 583 quaestioni
972 502 1186 563 Hermotimi
1201 524 1261 563 uon
1292 502 1296 513 “

149 584 364 653 conveniunt.
424 604 491 645 ,um
506 598 612 643 tamen
631 586 765 644 omnino
782 582 823 643 ad
840 584 1103 647 convincendum
1116 586 1262 649 Hermo-

147 672 263 739 timum
277 664 512 732 csteudendum
530 666 665 745 fuisset,
691 666 882 749 quibusnam
903 669 1072 731 videretur
1086 691 1165 733 esse
1178 668 1262 753 ‹palri-

148 760 254 833 dovvll
277 776 337 815 nec
354 754 526 837 quicquam
539 756 642 813 soleat
657 751 766 813 omitti
781 774 798 813 a
814 752 984 832 Luciauo,
1009 752 1106 837 quad
1118 754 1169 821 ud
1187 758 1262 819 Her·

146 840 274 903 tuatimi
295 838 504 921 pertinaciam
520 835 768 919 expugnandam
784 838 895 898 faciat.
938 839 1059 923 Itaque
1081 838 1175 901 hacc
1196 864 1262 903 cum

147 922 328 987 accuratius
350 920 592 1004 expendissem,
614 922 759 1002 persuasi
778 922 878 1001 mihi,
906 924 973 983 levi
992 924 1193 989 mutatione
1213 930 1263 987 ln-

146 1030 220 1071 cum
238 1006 332 1089 ltunc¹
343 1005 440 1070 foedo
459 1004 665 1090 inquinatum
684 1003 732 1066 sic
745 1027 842 1088 posse
858 1002 1009 1091 purgari:
1030 1012 1061 1073 sl
1074 1008 1195 1093 καὶμὴ
1207 1020 1264 1087 τοῖς

145 1086 267 1169 nausia
282 1099 376 1160 dotti.
397 1094 427 1157 ai
447 1096 548 1177 σιγᾷς,
573 1082 599 1156 ai
616 1084 785 1173 Ἑρμότιμε.
833 1090 915 1173 (laid
934 1109 1031 1170 taces,
1056 1094 1263 1159 Hennatime.

143 1178 294 1253 Maxime
307 1174 392 1237 hanc
406 1198 505 1245 meam
520 1173 777 1237 emendationem
791 1176 895 1237 firmat
909 1179 1145 1262 antiquissima
1163 1180 1263 1243 editio

144 1260 290 1325 Luciini
306 1262 389 1325 Flor.
404 1262 483 1321 anni
501 1266 592 1329 1496.
609 1262 850 1343 quamprimum
870 1283 938 1324 esse
954 1276 1035 1343 puto
1044 1308 1057 1339 ,
1083 1264 1121 1323 iu
1142 1286 1212 1349 qua
1225 1267 1264 1327 ls-

146 1346 235 1433 gitui
251 1346 383 1431 quidem
397 1350 457 1411 stoi
470 1370 520 1429 γε,
543 1342 598 1405 sed
613 1343 683 1406 sine
702 1344 916 1407 distinctione
932 1368 1168 1429 personarum.
1216 1349 1264 1415 sta

145 1430 233 1507 enim
248 1432 304 1505 illa
321 1430 435 1494 habet:
457 1433 485 1497 εἰ
499 1430 552 1495 nal
565 1426 606 1513 μὴ
622 1438 686 1504 τοῖς
698 1439 823 1507 πολλοῖς
837 1434 923 1497 δοκεῖ
929 1436 989 1497 stol
1001 1457 1034 1516 γε
1048 1426 1081 1497 td
1089 1429 1263 1519 Ἑρμότιμε.

145 1516 270 1603 ΑσιγιιὶσΙ
291 1512 469 1579 lectoribus
490 1536 556 1576 nnn
580 1512 772 1592 difficulter,
803 1537 918 1599 spero,
947 1540 997 1579 me
1021 1517 1264 1600 probaturum,

144 1600 202 1679 itiq
216 1622 267 1679 ms
281 1598 354 1665 non¹
367 1599 523 1663 fefellisse
541 1598 648 1660 divam
665 1599 823 1663 Criticen.
845 1602 980 1666 Gnasv.

230 1682 309 1752 Bal,
324 1688 347 1749 l.
364 1692 414 1755 14.
444 1688 480 1751 Ti
496 1690 605 1773 σιγᾷς)
627 1683 764 1745 Emend.
786 1684 907 1747 Graevii
920 1687 954 1745 in
969 1700 1103 1749 textum
1118 1690 1266 1771 racipere

145 1790 214 1835 non
230 1768 389 1835 dubitari.
418 1772 468 1833 Fl.
483 1774 544 1837 croi
558 1797 599 1855 γε.
630 1770 684 1833 Sic
701 1768 770 1851 cap'.
786 1776 839 1839 55·
865 1770 938 1835 Vid.
954 1785 988 1833 et
1001 1793 1028 1831 c·
1044 1780 1102 1841 83.
1135 1774 1266 1841 Sanan.

151 1858 221 1924 Trai
231 1860 288 1940 γε)
310 1856 468 1941 Magnum
486 1856 655 1941 ingenium
675 1853 810 1929 Graevii,
840 1878 955 1941 magua
975 1857 1117 1937 optimis
1140 1860 1266 1923 artibus

146 1940 371 2026 pattugloria.
415 1938 532 2023 Itaque
557 1938 641 2002 ratio
667 1938 722 1999 hic
747 1938 926 2019 reddenda,
958 1963 1014 2001 cur
1037 1964 1112 2003 nou
1135 1958 1266 2007 secutus
1299 1956 1302 1965 '

148 2026 210 2095 sim
225 2024 328 2106 ipsius
346 2024 614 2087 emendationem.
660 2022 803 2106 Nempe,
827 2025 903 2106 quia
918 2026 1005 2087 illam
1028 2047 1102 2087 nou
1121 2050 1169 2091 ex
1184 2030 1265 2091 libro

173 2110 304 2171 rotulit:
327 2108 519 2186 inadusto,
544 2108 631 2192 quod
645 2108 765 2169 habent
783 2125 968 2171 constanter
979 2110 1076 2189 libri,
1104 2114 1265 2195 optimam

147 2132 247 2259 iubet
262 2194 465 2255 sententiam.
508 2196 578 2257 Jam
600 2193 657 2253 diu
674 2192 804 2255 vacillat
822 2194 1063 2273 Hermotimus,
1090 2202 1163 2279 jam
1181 2196 1267 2259 diffi-

149 2278 298 2343 deresao
321 2275 447 2338 doctori
470 2276 606 2354 didicit,
636 2280 698 2359 jam
722 2284 882 2359 crapulam
905 2279 970 2341 viri
993 2294 1026 2340 et
1049 2280 1148 2343 rixas
1173 2303 1265 2367 supra

150 2374 410 2426 conrmsmorntas
425 2362 509 2439 aliis,
534 2383 628 2444 qnam
642 2378 728 2441 ante,
753 2364 857 2424 oculis
870 2364 1026 2427 intuetur.
1061 2366 1080 2424 l
1106 2365 1183 2429 itur
1197 2390 1265 2429 cunt

150 2446 232 2511 dicit
246 2444 415 2527 Lycinna,
440 2446 490 2506 An
509 2447 597 2508 illius
616 2448 694 2508 velit
711 2468 778 2508 esse
793 2448 935 2509 similis?
966 2448 1055 2509 etin
1079 2388 1152 2513 ine
1173 2452 1266 2537 pauit

149 2530 320 2609 caterba,
345 2529 462 2612 quibua
482 2529 595 2605 docet,
628 2533 776 2613 prolecto
802 2533 957 2595 vitiosum
983 2554 1050 2595 ease
1074 2532 1264 2612 hominem,

150 2613 360 2715 quantumvis
378 2619 476 2700 vulgo
492 2617 568 2679 talis
585 2638 653 2678 esse
671 2614 738 2677 nan
760 2616 926 2679 videatur:
943 2610 1098 2681 ¹modesto
1119 2622 1266 2684 Herme-

149 2714 260 2776 ttmut,
277 2714 309 2761 et
328 2703 417 2763 velut
431 2701 687 2779 immurmurans,
703 2704 764 2766 τισί
780 2728 824 2788 γε,
847 2702 967 2787 inquit,
991 2700 1023 2767 h.
1042 2724 1071 2769 e.
1095 2702 1132 2765 at¹
1143 2706 1265 2791 quidus·

149 2782 222 2849 dam
239 2801 353 2861 tamon,
377 2784 459 2845 mihi
476 2785 643 2868 inprimis,
667 2801 835 2870 postquam
850 2809 947 2869 opera
965 2802 1022 2847 tua
1038 2788 1154 2851 visum
1173 2810 1264 2853 reee-

150 2870 204 2953 pi,
228 2870 302 2931 talis
316 2866 464 2947 videtur,
488 2875 578 2953 cujus
595 2871 731 2946 proinde
747 2871 862 2932 similis
878 2893 946 2933 esse
959 2866 1112 2953 equidem
1125 2878 1197 2956 jam
1210 2894 1263 2935 tto·

151 2954 219 3017 lim,
242 2952 346 3019 Gnsu.
392 2954 500 3017 Saloni
521 2971 553 3016 et
578 2955 698 3017 Graevii
720 2957 866 3037 periculo
890 2956 1062 3017 lectionem
1086 2958 1264 3041 pristinam

151 3059 281 3102 movere
296 3058 439 3121 possem,
463 3038 518 3102 sed
535 3062 606 3101 mea
629 3041 822 3102 auctoritate
842 3062 908 3103 non
927 3038 1097 3118 auderem,
1121 3036 1191 3105 et'si
1206 3064 1264 3105 oo·

152 3116 223 3183 r'nm
240 3126 426 3204 conjectura
445 3129 619 3207 perplacet.
666 3124 796 3186 Salanus
812 3147 941 3209 quoque
961 3146 1135 3206 persenam
1154 3134 1264 3193 ΕΡΜ.

152 3220 227 3289 antc
241 3211 270 3271 ri
283 3223 315 3269 et
331 3214 432 3273 AYK.
451 3224 527 3290 post
545 3216 630 3296 σιγᾷς
645 3206 824 3272 deleverat:
847 3208 934 3294 quod
949 3210 1172 3273 necessarium
1186 3226 1264 3291 etat,

152 3290 181 3351 si
197 3294 271 3371 cum'
286 3290 343 3355 illo
360 3300 446 3380 σιγᾷς
457 3299 553 3377 legat.
599 3296 643 3355 At
665 3316 736 3353 cum
755 3294 896 3356 Gesnerns
912 3292 1264 3359 commodumseusurn

151 3396 193 3437 ets
206 3380 339 3459 vulgata
353 3378 480 3461 eliciat,
505 3400 573 3441 eam
586 3379 656 3439 sine
670 3377 803 3442 Codicis
819 3380 916 3440 ullius
931 3379 1127 3441 auctoritato
1143 3379 1264 3443 immu-

151 3472 220 3521 tare
241 3460 291 3521 fus
315 3482 382 3523 tton
406 3477 473 3538 est,
506 3463 629 3547 alioqui
651 3464 774 3543 fateor,
806 3462 981 3523 etiamnum
1005 3460 1087 3523 mihi
1109 3462 1264 3529 adridere

154 3542 351 3609 Graecianum
374 3546 650 3627 emendationem,
679 3563 746 3608 turn
771 3546 846 3631 quia
872 3546 952 3609 illud
978 3550 1007 3611 ri
1026 3554 1114 3633 σιγᾷς
1134 3548 1264 3613 Nostro

151 3625 325 3709 usitatum,
350 3646 418 3695 tum
436 3632 513 3715 qnia
529 3654 593 3707 nou
611 3636 658 3694 sic
674 3638 757 3696 solet
771 3631 853 3695 illud
866 3634 926 3699 clos
938 3656 973 3717 γε
983 3653 1154 3714 usurpare.
1202 3634 1265 3697 Int-

150 3730 205 3777 tnn
221 3736 285 3797 quo
302 3720 376 3799 plus
394 3716 582 3794 considero,
608 3739 646 3781 eo
662 3718 762 3801 magis
780 3718 960 3801 perspicia,
991 3738 1110 3779 nexum
1131 3720 1264 3801 ¹ttrtttio-

152 3796 204 3863 uit
221 3796 256 3859 id
273 3803 452 3881 postularet
474 3802 607 3889 languet
624 3803 711 3864 enim
726 3802 850 3884 alioqui
867 3824 951 3864 nava
967 3801 1023 3862 illa
1040 3802 1263 3889 interrogatio
1303 3811 1305 3816 '

151 3882 253 3959 ellan
267 3880 467 3971 διηγήσομαις
492 3887 620 3950 sivero
642 3887 857 3970 praemiserit,
890 3885 964 3970 quid
984 3882 1090 3951 taces?
1106 3886 1262 3951 concin-

151 3964 227 4027 nius
245 3968 408 4049 respuitur,
430 3974 490 4035 uin'
505 3976 596 4059 igitur
606 3972 753 4057 par-gam?
773 3968 813 4035 Id
827 3985 890 4047 est,
914 3970 986 4055 'quia
999 3989 1099 4049 taces,
1123 3996 1182 4057 ego
1192 3998 1262 4061 parv

152 4072 185 4113 ro
198 4050 340 4117 narr-nlo.
384 4055 455 4119 lam
467 4078 545 4121 veto
559 4059 687 4143 signum
700 4053 938 4143 interrogandi,
960 4054 1048 4145 quod
1060 4070 1139 4143 pest
1149 4062 1216 4131 alos
1228 4082 1261 4151 γι
