2634 4680
251 319 291 366 tn·
318 270 500 376 ooonono
528 311 706 361 arcionis
732 308 789 360 stt
812 310 964 364 consen.
1058 300 1159 372 '607

815 428 817 433 ·
1124 416 1136 449 fl

10 502 38 543 3,
61 464 196 524 lissiener
211 460 311 541 dixit,
334 456 396 527 tini
410 457 494 534 truie
505 453 770 537 rnv’otccatnc,
790 461 919 549 putayit
932 462 1096 544 Lucienus,
1118 465 1154 526 id

10 566 37 625 ,ἡ
60 550 210 609 evenisse
221 549 254 606 in
269 546 429 626 Otyntho.
473 544 518 604 At
538 543 623 604 nihil
637 543 764 624 obstat,
786 544 866 626 quin
882 547 1063 624 Aeterille,
1084 549 1158 612 tite
1247 544 1250 549 ’

10 652 37 711 ,ς
61 631 348 713 Amphipolitanos
371 621 486 706 fuerit,
506 643 547 688 ut
560 628 681 690 sithoc
694 633 768 690 loco
780 629 948 708 Lucienus,
968 633 1038 694 aive
1050 631 1154 716 olyn-
1219 698 1222 703 ¹

10 782 26 795 ,
62 716 169 793 thius,
194 732 230 776 ut
245 716 291 775 sit
306 714 499 789 Plutarchus,
524 713 624 774 fuerit
642 714 677 773 in
697 712 803 795 copiis
817 713 1048 795 Olynthiorum
1064 719 1157 779 anxi·

10 792 36 883 „J
60 801 163 861 liariia
181 801 214 858 in
231 799 406 861 Mothonen
427 797 616 876 obsidione,
639 810 689 876 et,
711 812 749 858 ut
770 799 877 858 omnia
895 799 1069 882 quadrent,
1091 823 1179 884 ρος

10 896 35 966 ,ζ
61 884 128 944 tuit
150 905 217 945 esse
245 882 531 964 Amphipolitanus
555 884 674 964 patria,
709 881 879 965 Olynthiis
907 885 1049 944 militane
1070 888 1157 949 inter

10 1014 33 1053 a
61 969 182 1028 auxilia
197 967 475 1032 Methonensium.
516 968 644 1051 Trogus
657 966 743 1049 apud
755 967 903 1029 Iustinum
916 968 974 1029 tit.
989 977 1018 1036 7.
1032 971 1096 1051 ait,
1119 972 1155 1032 itt

10 1078 33 1141 fl
60 1052 247 1134 Philippum
264 1065 517 1134 praetereuntem
538 1049 578 1112 de
600 1053 698 1114 muris
717 1051 866 1135 sagittam
888 1056 1003 1135 jactant
1024 1059 1156 1118 oculum

60 1136 228 1213 effodisse,
252 1152 285 1198 et
301 1137 335 1195 in
350 1157 390 1196 eo
405 1157 476 1196 cum
492 1135 654 1198 Plutarcho
672 1148 811 1220 pugnat,
836 1138 910 1220 qui,
934 1136 1009 1198 dnm
1025 1141 1157 1222 trajice·
1202 1190 1208 1215 ,

22 1252 30 1293 t
60 1242 95 1280 re
118 1235 287 1282 conaretur
305 1219 487 1282 Senianum
507 1219 657 1295 fluvium,
683 1226 812 1282 oculum
834 1221 1046 1297 amisisseait.
1089 1222 1155 1287 set

22 1296 30 1313 '
62 1303 103 1364 de
117 1304 264 1365 Sandano
282 1305 337 1365 illo
358 1303 460 1366 fluvio
475 1309 584 1365 nullus
597 1306 677 1366 alins
689 1306 834 1367 meminit
844 1321 970 1391 praeter
984 1306 1153 1386 Stoboercn,
1239 1378 1242 1385 .

10 1424 28 1485 Ι·
62 1389 120 1469 qui
135 1410 173 1450 ax
190 1388 352 1452 Plutarcho
369 1389 481 1468 habet,
504 1404 537 1450 et
550 1411 622 1450 enm
637 1389 809 1450 Sardonem
824 1405 921 1452 vocat
936 1392 971 1451 in
987 1405 1097 1469 textu,
1119 1394 1154 1451 in

24 1472 27 1481 '
60 1475 203 1551 margine
218 1495 292 1534 vero
307 1473 499 1540 Sandanum,
510 1484 516 1530 ἐ
528 1475 617 1557 Ergo
633 1474 718 1535 nihil
733 1475 767 1534 in
787 1496 825 1536 eo
841 1476 930 1537 certi.
944 1477 1057 1540 Pacu.
1083 1476 1156 1539 Pla·

10 1595 24 1639 ς,
59 1558 157 1618 tar-clu.
170 1561 202 1618 in
210 1557 346 1637 Pamtt.)
367 1559 521 1619 Parallela
538 1558 594 1618 illa
604 1558 768 1621 Plutarcto
782 1561 862 1620 feisa
877 1559 1077 1623 tribuuntur.
1097 1562 1154 1623 La

10 1646 20 1655 '
60 1643 189 1703 Cuoze.
232 1642 320 1721 Quid
338 1641 441 1706 vero?
464 1645 492 1702 si
507 1641 632 1723 τοξότης
650 1647 682 1708 ἐν
694 1638 839 1729 Ὀλύνθῳ
853 1648 1085 1727 conjungente
1105 1669 1155 1708 so·

10 1708 24 1825 ζ
56 1731 198 1809 gittorirrs
215 1726 399 1808 Olynthius?
418 1728 507 1794 lton.
555 1727 738 1790 Wielonriius
752 1744 862 1789 contre
879 1730 1022 1811 qaaerit:
1044 1728 1156 1814 Quid-

10 1874 22 1895 ·
62 1813 97 1871 ni
115 1813 148 1869 in
163 1812 283 1874 talibus
298 1813 445 1873 minutiis
460 1833 564 1874 errare
576 1814 721 1893 potuerit
735 1810 915 1876 hucionua?
935 1814 1065 1875 Erravit
1078 1834 1166 1893 eane¹

10 1900 22 1979 ζ
61 1911 95 1957 et
110 1896 200 1964 alibi.
243 1898 288 1957 Et
306 1895 359 1971 id,
383 1895 470 1978 quod
485 1895 764 1980 Rudolpiusvuit,
786 1914 850 1983 quo
865 1897 1154 1978 minusstatnetur,

10 1982 22 2075 i
61 1979 242 2058 impediunt
259 1997 363 2041 certae
376 1981 508 2065 linguae
522 1982 663 2043 rationes
670 2024 683 2054 ,
702 1981 877 2042 secuudum
891 2002 969 2065 quas
982 1981 1154 2048 dicendum

10 2114 17 2165 ,
60 2064 177 2124 fuisset
191 2060 430 2142 ἒνὈλννθίοις,
452 2070 504 2126 vel
518 2061 773 2131 τῶνὌλννθίων.
795 2067 914 2132 Lunum
1033 2064 1037 2079 ’

147 2149 226 2211 Eud.
240 2154 262 2211 1.
279 2159 310 2219 6.
330 2146 412 2216 ‘Yrri
426 2145 581 2236 Ἀστέρος)
609 2153 695 2212 Ecce
710 2172 820 2212 rursus
839 2146 901 2216 sini
917 2172 976 2233 pro
991 2145 1057 2216 ὕπ’.
1101 2151 1156 2215 Sio

59 2234 159 2317 Long.
180 2236 265 2294 Post.
287 2236 352 2300 111.
374 2258 406 2319 p.
425 2258 466 2295 m.
489 2243 560 2305 105.
584 2233 644 2302 cini
656 2239 769 2320 αἰγῶν,
791 2237 845 2302 noi
859 2231 920 2302 cini
935 2230 1026 2301 ὀΐων·
1045 2250 1078 2300 et
1093 2236 1156 2312 lv,

62 2328 136 2386 112.
152 2320 200 2383 tut
216 2323 338 2387 ἱκεσίαν.
382 2319 444 2382 sed
460 2319 522 2394 hoo
538 2325 601 2405 jam
622 2321 719 2382 nimis
741 2322 865 2406 egimat
884 2320 978 2402 alibi,
1006 2334 1041 2385 et
1058 2341 1156 2408 saepe
1253 2328 1259 2345 ’

57 2420 170 2487 postca
187 2420 343 2470 occurret.
366 2408 490 2466 Barna.
516 2430 519 2435 ·
1226 2418 1229 2425 '

145 2488 222 2548 End.
236 2496 258 2557 l.
273 2501 302 2559 7.
321 2485 552 2573 ἘνὊλὺνθῳ)
581 2490 679 2552 Conf.
700 2511 794 2573 supra
809 2513 837 2553 c·
853 2498 904 2561 28.
948 2493 993 2564 Et
1010 2489 1156 2571 videbit,

60 2596 118 2633 eur
138 2573 267 2636 Solonas
282 2591 398 2637 notatu
419 2574 553 2656 dignum
570 2576 763 2638 existimarit
777 2576 960 2660 inquirere,
982 2598 1060 2638 nn·
1073 2592 1157 2640 oon-

59 2674 147 2718 stcns
162 2657 240 2718 haec
252 2661 294 2719 cit
308 2659 416 2720 lectio.
440 2659 565 2723 neure.

146 2741 224 2807 Eud,
240 2746 264 2804 l.
280 2750 310 2811 8.
334 2740 425 2824 Μήνε
435 2737 552 2824 ittet.)
574 2739 714 2803 Videtur
724 2739 764 2802 ad
780 2743 925 2826 picturae
937 2744 1095 2808 rationem
1107 2764 1157 2809 te·

59 2825 183 2906 spicere
198 2827 368 2906 Lucienus,
391 2842 423 2889 et
438 2826 502 2888 hoc
519 2825 680 2901 indicate,
702 2827 878 2912 Philippo,
901 2844 976 2908 post
992 2830 1080 2890 nonii
1093 2833 1156 2892 cla·

60 2911 149 2986 dem,
173 2911 366 2994 contigisse,
391 2911 477 2994 qnod
493 2911 532 2973 de
556 2912 723 2995 Antigono
738 2926 845 2973 narrat
860 2912 978 2975 Plinius
989 2917 1048 2992 35,
1068 2921 1117 2981 10.
1129 2933 1156 2978 a.

59 3004 118 3069 36,
136 3001 186 3062 14.
229 2996 336 3057 Pinxit
347 2995 471 3080 Apellis
485 3013 512 3057 ct
524 2996 674 3078 Antigoni
685 3000 761 3080 regis
769 2999 928 3079 imaginem
938 2997 1032 3060 altero
1046 2996 1157 3060 lamine

60 3081 174 3157 orbum,
194 3086 307 3164 primus
317 3085 491 3164 excogitato
505 3085 619 3142 ratione
633 3083 707 3141 vitio
720 3081 886 3146 condendi.-
907 3081 1060 3167 obliqwnt
1071 3106 1158 3144 noan·

59 3165 209 3249 quefecit,
225 3181 266 3241 ut,
286 3166 368 3248 quod
380 3171 498 3248 corpori
511 3165 619 3241 deant,
631 3168 767 3248 picturae
774 3168 875 3249 potius
888 3165 1157 3230 dcaseoibretutt

60 3266 231 3335 tantumque
249 3273 313 3310 enm
326 3267 441 3333 partem
460 3251 569 3338 esocis
594 3249 734 3328 ostendit,
758 3275 847 3335 quom
859 3267 952 3314 totam
967 3266 1086 3334 poteret
1100 3276 1158 3317 oa-

60 3333 182 3396 tendere.
226 3335 382 3396 Meminit
397 3336 493 3396 etiam
511 3335 713 3413 Quintilianus
725 3336 773 3405 ΙΙ.
792 3344 916 3414 18,12.
939 3336 1044 3404 Gaea.

145 3418 225 3483 Ibid.
246 3412 433 3520 Ἀνιᾶσεναν)
460 3417 498 3486 Ti
515 3416 616 3485 simio.
632 3423 727 3503 gloss.
744 3417 881 3487 videtur.
902 3421 937 3486 ri
960 3424 1069 3502 μελέτω
1092 3413 1155 3487 cini

58 3512 169 3569 κοινοῦ
179 3527 213 3565 re
237 3503 398 3584 etendum,
414 3525 435 3569 r.
452 3526 480 3565 e.
495 3504 573 3588 μήτε
584 3507 695 3587 μελέτω
709 3500 793 3590 αὐτῷ
800 3501 1002 3588 Ἀλέξανδρος.
1019 3506 1157 3583 Garun.

59 3590 99 3647 In
113 3611 192 3651 voce
205 3584 361 3653 currictico
374 3594 454 3650 latet
468 3588 554 3650 haud
569 3588 666 3651 dubie
689 3589 817 3652 vitium.
861 3590 944 3651 Nam
957 3590 984 3649 ai
999 3610 1071 3650 enm
1085 3592 1156 3650 Mi·

60 3673 140 3757 cyllo
158 3689 279 3736 vectust
302 3697 393 3758 neque
406 3673 455 3734 illi
466 3672 646 3736 Alexander
657 3677 788 3756 graviter
802 3696 834 3735 ae
850 3677 1001 3762 excruciet
1020 3674 1058 3735 ob
1084 3671 1158 3737 Cliti

57 3757 194 3832 caedem,
217 3780 289 3818 enm
306 3758 411 3819 verbis
426 3758 556 3840 quidem
571 3759 702 3821 Graecis
719 3758 797 3820 baec
811 3773 1012 3841 congruont,
1036 3757 1090 3821 reti
1105 3758 1156 3820 vi·

59 3841 101 3900 de
117 3846 196 3921 jam,
219 3864 259 3902 an
276 3843 372 3903 etiam
391 3865 461 3904 cum
480 3842 621 3905 Lociani
637 3843 769 3903 mente?
792 3843 849 3905 Sin
870 3840 1026 3905 Geram
1042 3862 1156 3927 seqan-

58 3925 119 4001 ris,
144 3927 424 4008 interpretantem:
452 3954 542 4013 neque
555 3925 737 3992 Alexander
748 3926 833 3989 illam
847 3943 936 4011 anget
945 3925 982 3987 cie
996 3926 1071 3991 ciat
1081 3951 1155 3990 coe-

57 4009 112 4086 de,
136 4012 278 4071 auctoris
292 4012 421 4097 quidem
436 4028 573 4075 mentem
591 4013 708 4075 senties
726 4032 793 4074 esse
813 4028 1009 4096 expromam
1031 4008 1086 4074 aeti
1101 4013 1157 4073 vi-

57 4094 98 4157 de
120 4116 227 4172 nunc,
257 4115 297 4158 an
317 4099 387 4182 ipsa
403 4103 473 4182 ejus
488 4098 602 4176 veria,
624 4111 662 4160 ut
677 4094 853 4161 hodienum
868 4096 1047 4182 teguntur?
1069 4097 1155 4161 acr-
