2634 4680
181 282 258 357 528
443 296 1013 349 susurratores

180 446 328 535 plurimis
349 444 384 506 iu
403 442 486 506 locis
501 444 668 525 corrigere.
710 444 757 505 Et
770 442 847 543 (pria
865 442 1007 505 Geraerrs
1021 462 1062 505 ex
1078 443 1139 506 illa
1161 464 1292 509 correc-

180 535 275 597 tione
285 527 382 593 verba
396 529 517 591 Graeca
534 527 679 589 divinare
694 526 823 608 dehurt,
845 528 930 587 nihil
949 530 1085 608 mirum,
1109 529 1141 591 si
1158 532 1291 613 ipsissi-

177 639 232 681 ma
248 616 385 692 Graeco,
411 633 494 695 quse
508 612 652 675 Solarium
671 615 776 697 legere
794 614 860 696 ait,
882 614 1025 697 proferre
1037 633 1109 687 nou
1123 618 1290 698 potuerit,

181 698 238 765 sed
254 698 373 761 similia
388 697 454 758 illis
470 698 623 758 attulerit.
645 698 769 759 Rurrz.

263 781 377 847 Erat
392 788 421 849 9.
442 776 484 847 ‘0
498 782 529 847 ii
540 780 625 857 vide,
646 784 699 846 nul
711 780 821 862 ὀφθεὶς
835 782 907 865 μὲν,
925 775 1053 865 uirtus)
1075 784 1176 846 Male
1194 784 1288 847 Salus.

181 866 201 937 d
215 868 262 949 di,
283 862 361 941 uide.
385 866 437 931 uei
450 880 512 929 etc.
525 888 618 950 quam
635 865 777 927 distinct.
793 868 908 929 merito
924 868 1088 951 improbat
1101 868 1189 933 Jens.
1227 869 1288 931 Set

179 956 255 1019 Por.
269 951 388 1014 rectius
403 949 541 1011 habebat
556 945 575 1016 d
590 950 623 1014 di
635 946 713 1027 υἱός.
748 952 863 1013 Paullo
876 968 952 1035 post
966 972 1061 1031 varo,
1083 952 1203 1016 cadem
1220 976 1288 1037 pra·

181 1060 223 1103 va
245 1035 473 1118 dispunctione
494 1032 676 1112 laborabat,
706 1035 849 1097 scribens
871 1040 925 1103 καὶ
949 1029 1062 1118 ὀφθεὶς
1083 1038 1141 1119 μὲν
1163 1032 1285 1115 αὐτίκα,

181 1116 326 1203 ἆιιάξεταί
340 1139 384 1186 σι.
421 1119 526 1202 Quam
541 1118 668 1201 itaque,
689 1134 841 1182 mouente
854 1120 973 1197 Jerrsio,
997 1122 1135 1185 correxi.
1158 1123 1285 1188 Rerra.

264 1202 342 1269 Eat.
358 1208 382 1264 1.
398 1211 448 1271 12.
475 1200 631 1284 Οἰχήσεταί
645 1224 679 1268 σε
692 1198 755 1271 circi
766 1210 827 1269 coir
849 1202 934 1271 ὤτων
947 1202 1202 1291 ἆναδησᾶμενσς)
1224 1210 1283 1270 La.

182 1314 242 1380 gc,
263 1288 416 1359 ilsdoaroi
438 1308 472 1354 os
490 1283 552 1353 siud
572 1292 631 1351 τῶν
648 1284 734 1353 ditur
751 1282 997 1374 ἆναδησὸιμενσς,
1028 1304 1061 1353 et
1081 1292 1130 1353 ita
1150 1290 1283 1355 videtur

178 1380 296 1463 legisse
319 1374 489 1456 interpres.
516 1372 629 1432 Paurr.
680 1372 920 1437 violentissime
941 1375 1091 1457 profecto
1112 1374 1282 1441 Palmam

179 1484 240 1547 pro
259 1455 408 1542 οἰχήσεται
418 1456 484 1542 legi
500 1454 591 1538 jubet
603 1453 763 1522 ἓικόσετιιι.
795 1457 872 1520 Nou
887 1480 998 1519 sanum
1019 1458 1169 1541 quidem,
1184 1484 1280 1543 quarr-

179 1562 248 1609 tum
262 1564 323 1628 ego
341 1540 456 1611 video.
477 1554 525 1603 est
541 1544 705 1624 vulgatum
720 1539 886 1625 οἰχήσεται,
901 1566 972 1605 cum
989 1546 1110 1627 οἴχομαι
1122 1546 1277 1634 sitfirgio,

177 1633 269 1707 obeo,
283 1624 417 1703 discedo,
441 1622 540 1709 idque
553 1623 630 1687 huic
643 1629 717 1687 loco
732 1648 798 1688 uon
814 1628 1005 1692 conveniat:
1026 1630 1160 1692 mollior
1174 1644 1279 1694 tamen

177 1712 328 1777 adbiberi
342 1722 449 1794 potest
468 1709 646 1783 mediciuar
670 1731 785 1793 nempe
806 1733 869 1772 nna
885 1714 1003 1774 extrita
1021 1712 1155 1775 literula
1172 1718 1278 1801 legen·

180 1792 424 1883 dumdxrioerur,
444 1794 541 1872 oeta,
567 1793 705 1879 raptabit.
726 1794 821 1859 Jsrs.
865 1794 961 1858 Nihil
977 1797 1184 1864 mutandum.
1218 1800 1277 1863 Rs·

178 1882 278 1967 spicit
290 1881 331 1942 ad
349 1880 502 1967 Ogmium
518 1879 609 1939 illum
632 1879 795 1941 Gallorum
811 1882 997 1943 Herculem:
1020 1882 1079 1967 qui
1095 1882 1221 1945 catanis
1237 1905 1274 1950 ox

178 1989 235 2033 ore
251 1987 310 2028 suo
324 1965 365 2027 ad
379 1986 470 2028 sures
484 1963 685 2027 audientium
704 1965 940 2047 pertinentibus
955 1987 1021 2027 noo
1034 1968 1190 2049 profacto
1203 1968 1275 2029 alli-

177 2066 269 2139 gstos
289 2064 415 2113 tantum
436 2047 536 2111 stanti
551 2048 615 2109 sibi
635 2048 750 2127 habet,
779 2050 833 2112 sed
855 2049 1002 2125 abducit,
1031 2049 1153 2131 trahit,
1176 2054 1273 2134 rapit,

178 2157 373 2222 quocunque
388 2136 453 2215 ipsi
471 2134 517 2193 irs
541 2136 676 2215 placeat.
722 2134 812 2195 Haec
826 2135 875 2195 vis
892 2134 981 2195 verbi
996 2131 1168 2217 οἰχήσεται·
1192 2136 1274 2199 hanc

176 2243 237 2285 nos
252 2221 357 2281 verbis
372 2220 451 2280 ilicet
467 2231 499 2279 at
510 2217 604 2277 abibit
616 2218 791 2299 exprimere
808 2218 1001 2283 studuimus.
1024 2220 1131 2283 Gussr.

262 2303 342 2367 Ibit.
370 2299 444 2367 Ἀιιὸ
464 2307 524 2365 τῶν
549 2299 657 2378 ὤτων)
686 2301 769 2365 Vide
790 2301 957 2363 historiam
979 2304 1132 2367 Herculis
1153 2306 1272 2369 Gallici

177 2390 277 2472 picti,
310 2385 463 2468 adquam
486 2384 541 2445 hic
564 2385 690 2450 alludit.
732 2388 849 2447 Exstat
871 2400 981 2449 autem
998 2389 1034 2450 in
1057 2387 1195 2471 libello',
1223 2392 1273 2455 cui

176 2472 323 2537 Hercules
351 2470 482 2532 titulum
511 2470 593 2531 facit
615 2471 753 2551 Noster,
785 2487 818 2534 et
838 2470 925 2555 apud
945 2474 991 2537 A.
1017 2472 1096 2539 Geli.
1119 2476 1221 2556 XVI,
1242 2486 1272 2547 8.

178 2560 308 2621 Souar.

197 2727 228 2788 ‘b
263 2644 339 2790 gog·
357 2646 429 2709 163.
444 2644 511 2709 ta.
542 2636 700 2727 Πρόςτόν
717 2647 773 2709 rori
794 2644 873 2719 tta.)
902 2640 1199 2729 Lagcud.Hut.in
1214 2646 1272 2710 dl-

176 2752 208 2791 cr
232 2775 241 2793 .
295 2749 397 2788 ouum.

261 2811 339 2876 Eud.
356 2815 379 2871 1.
396 2820 428 2880 8.
455 2802 660 2893 Ἠρᾶσθησσν
680 2818 738 2879 rori
755 2808 886 2893 Ἀλκιβ.)
913 2812 988 2874 Ηοσ
1010 2811 1140 2877 abunde
1161 2814 1273 2877 scribit

174 2900 255 2965 Plut.
272 2898 307 2958 in
321 2894 481 2960 Alcibiad.
493 2898 649 2981 Aristopb.
665 2898 698 2957 in
715 2900 798 2961 Rau.
811 2898 913 2959 Valrr.
927 2898 1022 2961 Max.
1036 2896 1094 2961 lib.
1103 2906 1135 2967 7.
1161 2899 1271 2965 Coos.

259 2980 337 3045 Eud.
352 2984 375 3041 1.
392 2988 422 3049 8.
441 2977 632 3062 Ἐπισεῐσαι)
655 2981 744 3064 Quid
757 2983 819 3044 boc
831 2986 884 3057 sit,
894 2983 1009 3044 clarius
1019 3004 1060 3045 ex
1072 2982 1137 3045 Pro
1147 2983 1271 3070 Imsgg.

174 3093 203 3134 o.
218 3074 249 3137 4.
266 3066 383 3142 disces,
406 3063 463 3124 ubi
479 3066 606 3125 laudata
624 3068 737 3128 mulier
749 3066 804 3149 τὴν
814 3076 898 3151 χεῖρα
910 3069 1050 3131 ἐπισείειν
1064 3066 1205 3148 dicitur,
1226 3071 1272 3129 irr-

174 3148 372 3216 tramodum
395 3149 549 3230 probans,
580 3150 668 3232 quod
688 3149 838 3230 dabatur,
867 3151 1060 3212 encomium.
1103 3150 1270 3219 AddeBis

173 3240 290 3300 Accua.
304 3255 331 3294 c.
349 3240 400 3302 28.
420 3233 477 3293 ubi
496 3231 529 3299 rd
552 3237 697 3301 ἐπισεῖσαι
711 3243 768 3314 τῆν
789 3247 872 3319 χεῖρα
887 3233 971 3311 ἐντὸς
982 3242 1043 3300 miv
1056 3230 1165 3320 ὅρων,
1185 3238 1270 3299 intas

172 3322 332 3384 modestas
364 3318 519 3378 laudandi
543 3335 574 3379 et
603 3320 762 3400 probandi
782 3322 922 3382 rationes
945 3320 1116 3402 punitum·
1146 3322 1269 3383 Passim

172 3418 308 3555 §stirpat
329 3402 458 3464 Noster.
503 3403 579 3467 Vid.
600 3404 696 3467 libet.
718 3406 824 3471 Praec.
842 3427 869 3470 c.
883 3413 934 3473 22.
949 3419 983 3467 et
1003 3404 1174 3471 DaDorn.
1193 3428 1222 3469 c.
1237 3412 1269 3475 ἰ.

199 3512 299 3552 orsu.

257 3572 337 3635 Ibid.
367 3567 428 3653 Priv
450 3573 555 3653 χεῖρα)
577 3572 873 3658 Distinguendum:
896 3574 947 3641 uui
968 3574 1116 3640 ἐπισεῖσαι
1132 3574 1195 3659 χρὴ
1215 3572 1270 3657 miv

169 3670 265 3744 χεῖρα,
287 3664 377 3724 τοῦτο
399 3650 510 3739 μόνον,
535 3659 585 3721 καὶ
602 3655 660 3722 οὐκ
673 3654 716 3724 ἔτ’
737 3658 913 3741 ἐνδοιάσιμα
925 3658 962 3725 cri
977 3656 1029 3725 σιἰ·
1055 3660 1177 3721 Morsus
1191 3684 1269 3745 pro·-

169 3745 316 3806 tendenda
335 3758 393 3813 est,
415 3740 584 3803 docenium
607 3745 676 3805 scil.
702 3743 729 3803 si
750 3744 880 3823 fecerit,
905 3770 949 3807 res
970 3762 1037 3805 tuuc
1056 3766 1118 3805 non
1139 3744 1270 3829 umplt'nt

165 3830 363 3913 fluctuabunt.
387 3825 520 3889 Guasv.
565 3827 699 3887 Dictum
724 3844 830 3889 autem
844 3830 875 3890 b.
891 3835 913 3892 l.
934 3837 1023 3895 τοῦτο
1039 3826 1139 3910 μόνον
1157 3828 1268 3892 eadem

169 3915 295 3974 ratione
308 3909 483 3991 eodemque
499 3912 565 3973 fere
577 3934 683 3987 sensu,
707 3935 772 3994 quo
788 3910 863 3979 orriri
876 3921 965 3981 τοῦτο
977 3914 1194 3977 Diall.Deor.
1209 3912 1269 3993 lv,

168 4006 199 4065 3.
222 4011 255 4057 et
275 3991 348 4061 αὖτὸ
368 3992 466 4077 μόνον
487 3995 598 4059 Somn.
619 4020 644 4058 s.
663 3998 731 4059 vit.
756 4019 782 4062 c.
800 4004 831 4064 9.
854 4002 908 4062 Do
929 4000 1034 4061 Mero.
1059 3996 1167 4061 Gond.
1193 4020 1222 4063 σ.
1237 4004 1267 4065 9.

168 4083 314 4147 Hermot.
329 4103 357 4145 c.
372 4083 423 4149 45.
438 4078 494 4139 ubi
510 4080 575 4143 vid.
592 4096 661 4144 not.
690 4084 810 4144 Lsrrrr.

1063 4346 1096 4366 ,Ι
1130 4300 1210 4352 υ..“

1063 4387 1075 4404 μ
1105 4381 1116 4398 ι’
1135 4355 1295 4404 ἊΙΙΙΟ.·ΙΙΙ,;ΙΙΙι

998 4421 1001 4426 .
1099 4419 1102 4426 .
1201 4402 1225 4428 a
1243 4399 1293 4426 flou

918 4461 922 4470 Ι
1063 4395 1234 4648 *a
