2634 4680
232 338 272 388 rrr
298 335 477 398 ououono
502 333 679 385 rrrrroara
706 335 766 386 rra
792 319 950 387 corrrca!
1059 321 1141 396 565
1203 349 1206 354 -

40 506 138 568 quam
152 484 261 547 hortea
276 504 402 560 eornm,
427 482 607 545 conflictati
620 496 712 563 aaut,
734 496 887 568 tauquam
903 486 1066 569 propriam
1076 489 1137 551 Ni·

43 569 232 630 cibeuoruur
247 589 383 650 poenam
394 569 609 650 propoeacrit.
628 568 749 629 Lanu.
823 595 831 605 ‘
951 570 954 575 ’
1091 574 1098 603 ·'
1113 602 1138 629 ·.

127 653 204 735 Peg.
216 657 351 720 185.1.1.
370 649 425 716 Ἐν
433 654 531 738 ἐκείνῃ
542 677 575 736 γε
581 654 715 732 ἔμεινεν)
730 652 804 714 Hoo
816 650 894 736 quid
904 655 1033 728 velit,·et
1042 669 1138 740 quaut

41 737 190 797 callidae
204 736 342 798 Lucieno
357 734 412 796 hie
428 733 571 795 additum
587 737 649 810 eit,
672 735 761 797 haud
773 738 870 797 facile
885 738 1058 823 intelliget,
1079 742 1138 802 cui

40 820 196 900 temporis
218 821 307 882 illiue
325 818 461 880 hietoria
481 820 586 881 menti·
602 841 669 880 nou
685 819 916 883 obversabitur.
959 822 1035 899 Nou
1054 847 1137 886 cou-

38 904 127 964 etitit
149 903 234 964 enim
256 903 324 963 illic
346 902 463 984 pertis,
495 924 588 987 quam
609 924 709 965 vauue
734 905 791 966 ille
811 905 950 984 eoriptor
968 907 1004 966 iu
1026 906 1137 972 hceter'
1201 940 1206 957 .

38 988 259 1057 Romanorum
276 990 362 1051 solor
377 987 560 1064 immiserit,
575 987 630 1051 aed
646 1009 664 1049 a
680 989 757 1052 Veri
770 988 914 1073 exercitu
927 989 962 1057 ire
976 990 1134 1055 Occiden.

39 1085 105 1132 tem
121 1073 220 1149 illata,
242 1092 299 1152 per
310 1071 453 1150 Italiam,
475 1070 695 1144 Germaniam,
719 1072 797 1132 aliar
811 1071 905 1132 eredo
921 1074 1016 1134 etiam
1033 1076 1135 1141 Euror

38 1176 101 1238 pae
115 1155 260 1237 regiones
274 1170 412 1238 grassata
425 1170 488 1235 ert,
510 1171 591 1219 terte
609 1154 777 1239 Capitolino
792 1156 826 1215 iu
841 1156 891 1215 M.
907 1156 1016 1223 Aurel.
1034 1160 1062 1220 οξ
1082 1154 1136 1230 isi

40 1241 146 1300 Dece
163 1240 309 1323 intellige
325 1239 439 1317 etiam,
463 1241 594 1323 quaein
613 1242 804 1325 Alex.lcgee
821 1249 915 1309 c.86.
953 1240 1059 1304 Credo
1074 1236 1135 1305 it'ass
1215 1274 1220 1284 ·

40 1342 123 1406 que,
147 1345 223 1383 cum·
240 1322 319 1385 haeo
343 1323 495 1387 scriberet
516 1324 687 1401 Lucienus,
714 1324 858 1406 coepieee
879 1329 942 1407 jam
964 1325 1049 1407 apud
1065 1327 1137 1388 Ro·

40 1427 152 1466 manor
169 1414 293 1490 pectem
307 1407 414 1490 iilam3
437 1408 576 1495 indeque
588 1410 726 1487 factum,
748 1423 785 1471 ut
799 1409 848 1468 aie
862 1408 1004 1471 ironicas
1017 1410 1135 1495 gratiae

39 1491 220 1552 Historiae·
236 1490 287 1551 illi
305 1506 427 1573 ageret,
451 1494 508 1578 qui
533 1516 602 1555 eam
624 1509 689 1555 tam
710 1494 803 1557 oaut'e
821 1493 857 1554 iu
876 1492 1140 1578 Mesopotamiae·

41 1574 163 1635 finibus
181 1573 454 1642 derii'raefecerat.
488 1580 617 1643 Socra.
937 1576 940 1602 ³
1134 1594 1137 1599 '

125 1659 204 1722 Eae.
218 1664 239 1726 1.
256 1666 287 1727 ἔ.
306 1652 508 1742 Ἀθηναίους)
532 1660 874 1725 Athenieueerurbaoe
891 1660 1062 1727 admodum
1075 1668 1138 1731 voi*
1190 1730 1194 1737 ,

39 1754 108 1821 eat,
133 1744 190 1827 qui
205 1765 314 1806 revera
335 1745 476 1808 Romani
494 1761 600 1827 eraut,
623 1747 699 1831 daie
714 1770 731 1807 a
749 1747 924 1832 Thucydide
941 1749 1049 1810 omnia
1063 1748 1140 1827 rrae-'ft

39 1829 192 1890 tuabatur
212 1828 321 1889 iatuur
344 1827 417 1907 ille,
447 1829 534 1913 apud
578 1830 1134 1903 uem,Athouieuretmoriebautur.

38 1914 144 1974 Nemo
160 1913 237 1997 ergo'
252 1911 292 1973 de
305 1913 530 1978 emendatione
541 1851 664 2000 edgitet
674 1928 797 1978 textum
811 1913 1032 1999 depravatum.
1067 1918 1137 2015 Str-⁵
1245 1909 1248 1917 ¹

42 2017 123 2060 aaa.
528 2024 534 2041 ³
1126 2018 1130 2027 ·

125 2081 203 2142 Eud.
216 2085 239 2142 1.
254 2087 285 2150 4·
304 2074 482 2166 Ἓπιεικοῖς)
506 2083 616 2163 Valde.
639 2085 772 2151 Gurza.
816 2084 857 2150 V.
870 2083 977 2149 Schol.
993 2084 1033 2146 ad
1048 2086 1132 2149 Gall.

41 2186 70 2227 c·
87 2174 138 2234 23.
155 2165 213 2225 ubi
236 2169 372 2243 ἐπιεικεῖς
394 2193 494 2245 τινας,
517 2184 550 2231 et
567 2170 700 2230 Paroria.
721 2191 747 2228 c.
763 2174 815 2239 48.
843 2170 970 2232 Soura.
1014 2171 1134 2232 Verum
1185 2182 1188 2189 “

38 2253 177 2325 ἐπιεικῶς
198 2250 278 2315 Bud.
303 2252 338 2310 in
360 2252 443 2315 Lex.
468 2253 567 2314 vertit
591 2255 786 2318 mediocriter.
837 2255 882 2315 Et
906 2256 941 2314 iu
964 2254 1132 2319 Herodian.

38 2333 172 2416 ἐπιεικὴς
192 2352 371 2413 mensuetus,
397 2335 553 2420 placidae,
586 2340 724 2400 vertitur
746 2338 946 2420 uBoeclero,·
975 2338 1041 2399 vid.
1065 2344 1133 2420 ejue

38 2419 194 2482 Iudicem.
239 2420 305 2503 Qui
323 2419 424 2504 igitur
443 2421 522 2483 haec
543 2420 766 2485 concordant?
799 2422 1008 2509 poucordaut
1022 2422 1138 2495 eodem'

39 2503 157 2577 modo,
180 2517 217 2564 ut
229 2503 347 2581 ἱκανὸς,
372 2504 458 2589 quod
479 2510 628 2596 sufficiens
642 2520 751 2584 notat,
774 2528 810 2567 ac
826 2522 930 2569 tamen
945 2498 1137 2589 plerumque

39 2609 99 2670 pro
116 2588 228 2664 multo,
250 2589 347 2649 immo
368 2605 400 2650 et
415 2590 503 2671 quod
517 2590 645 2651 modum
667 2589 827 2652 interdum
843 2590 985 2669 excedit,
1010 2592 1135 2674 accipi-

40 2689 105 2733 tur.
148 2673 202 2731 sic
221 2675 359 2746 ἐπιεικῶς
376 2671 481 2733 medio
504 2672 688 2757 significatu
707 2674 784 2749 erit,
809 2675 891 2758 quod
914 2675 1008 2753 decet,
1032 2700 1135 2761 quorr-

41 2775 103 2816 tum
115 2780 174 2836 pur
187 2773 247 2837 ert,·
270 2770 302 2816 at
314 2756 344 2814 ei
357 2753 452 2831 πολῦς
464 2756 604 2833 accedit,
628 2781 716 2840 quam
729 2756 852 2819 multum
865 2759 1062 2842 riguifioare,
1085 2754 1136 2821 nil

41 2841 91 2900 hil
107 2840 232 2900 mirum.
274 2840 329 2901 De
341 2837 473 2920 ἐπιεικὴς
483 2839 551 2903 vid.
566 2840 675 2903 Schol.
691 2840 731 2901 ad
749 2840 830 2902 Gall.
848 2863 875 2903 o.
893 2850 946 2910 23,
967 2843 1091 2904 Ram.

125 2923 203 2986 Eud.
219 2928 244 2989 l.
260 2932 289 2994 6.
306 2921 472 3008 Ἐντρέψας
492 2961 536 2973 —-
557 2921 594 2990 ori
618 2919 661 2989 δι’
682 2922 803 3008 αὐτὴν)
824 2928 934 2988 Locus
952 2940 1134 3009 corruptus,

42 3008 177 3068 Gerar.
222 3009 287 3070 Hie
312 3009 399 3071 deest
421 3009 555 3092 aliquid.
576 3010 740 3078 Louaoa,
784 3010 850 3071 Hie
871 3014 962 3070 loeus
980 3012 1141 3073 asteriaco·

40 3095 75 3152 in
92 3092 152 3152 Ed.
167 3093 196 3154 J.
211 3094 353 3171 notatur,
372 3108 410 3153 ut
425 3094 567 3168 mutilus,
591 3092 704 3157 credo:
727 3112 913 3181 quamquem
930 3094 968 3157 de
981 3094 1137 3158 asteriaco·

40 3176 127 3239 nihii
143 3192 251 3241 mouet
265 3177 371 3240 editor
384 3179 537 3241 Antonius
549 3179 724 3242 Francicus.
747 3182 788 3247 V.
803 3178 952 3243 Pseudol.
980 3181 1054 3266 Ego
1067 3200 1134 3242 oet·

38 3275 73 3322 te
91 3260 387 3339 depravatissimum
402 3262 523 3345 judico.
550 3265 679 3328 Socer«.
1079 3290 1088 3339 χ
1116 3265 1122 3277 “

126 3345 205 3413 Ibtd.
232 3346 276 3410 Tri
292 3342 390 3412 circi
401 3348 519 3413 ἐκείνου
535 3350 616 3435 λέγοι
630 3373 675 3423 τις
686 3347 779 3435 μικρὰ
794 3345 937 3437 arderia«,
959 3343 1002 3424 uic
1015 3350 1067 3413 atui
1081 3344 1136 3413 ori·

40 3428 92 3506 τὸς
105 3426 143 3494 div
158 3430 271 3517 φαίης)
289 3432 374 3501 ¹Saue
394 3453 557 3514 perperam
577 3432 754 3497 Benedictus
775 3434 921 3514 eorrupit
940 3435 1134 3503 senteutiam

41 3515 139 3595 hujus
154 3515 238 3593 loci,
260 3515 432 3591 vertendo,
456 3538 493 3578 ae
513 3517 541 3579 ri
561 3518 672 3581 omnia
686 3518 821 3581 Lucicni
839 3531 964 3593 errent,
985 3540 1036 3594 ea,
1059 3516 1136 3600 quoe

41 3615 110 3660 sunt
129 3603 234 3682 ipsine,
259 3600 366 3663 diceret
388 3604 551 3684 quispiam,
571 3625 668 3687 parva
685 3617 713 3663 ee
726 3602 801 3682 illu,
823 3618 857 3664 ret
871 3604 932 3685 ipre
954 3601 1071 3663 dixerit
1084 3616 1135 3662 et·-

41 3688 120 3758 iam,
144 3706 225 3765 quae
238 3701 315 3751 runt
330 3685 451 3766 oppido
468 3685 608 3770 insipida
624 3700 657 3748 et
674 3687 806 3748 insulta.
851 3685 973 3747 Contra
989 3683 1137 3767 peccavit

40 3766 204 3850 Micyllus,
228 3769 363 3830 nimium
384 3769 509 3832 curiose
531 3775 583 3832 vel
598 3771 708 3851 potiar
723 3771 834 3854 inepte
853 3770 1066 3851 exprimendo
1084 3788 1142 3848 ee,
1172 3798 1176 3805 ’
1266 3842 1271 3859 ,Ι

41 3872 123 3934 quae
135 3866 287 3936 tanquam
301 3858 445 3935 exempla
461 3875 501 3914 ex
515 3854 688 3940 Thucydide
700 3870 802 3917 rumta
813 3869 847 3917 et
862 3855 980 3938 paaaim
993 3854 1031 3917 ab
1044 3854 1135 3915 illiue

41 3935 194 4016 temporie
219 3938 429 4021 scriptoribus
453 3937 573 4000 insulta
589 3940 745 4002 Lucium
764 3937 933 4022 producit,
957 3938 993 3998 in
1014 3936 1135 4021 quibu·

41 4033 136 4101 putat
150 4042 279 4103 quoque
295 4044 363 4085 erre
377 4022 434 4082 har
449 4022 535 4104 iprae
553 4021 672 4085 mediae
686 4046 800 4101 vocer,
823 4046 895 4086 oum
911 4044 970 4085 eae
983 4023 1050 4084 rint
1064 4043 1149 4103 ure-¹
1183 4062 1186 4067 ·

38 4127 92 4167 rao
112 4103 307 4172 Lucianeae.
362 4107 513 4171 vertebat
534 4107 639 4187 euim,
666 4133 718 4188 eo,
744 4132 820 4196 quoe
838 4124 908 4173 euru
929 4105 1138 4194 ipeiaailliua,
1249 4154 1253 4163 ·
