2634 4680
285 329 343 395 m
368 325 493 378 ranan
519 325 723 379 fflsronmn
748 331 820 381 nm.
845 335 872 383 1.
1060 315 1136 389 661

10 496 19 533 ¹
36 481 127 541 ratio
155 475 401 558 compositionis
417 475 514 557 hujus
531 475 622 538 vocis
638 475 745 559 quae?
761 477 891 538 'Triton
912 470 1046 562 lingitur
1066 474 1140 562 qui.
1211 557 1213 560 y

10 578 17 617 t
37 564 111 626 dem
126 575 302 625 monstrum
315 563 490 636 marinum,
513 561 678 642 superiore
692 564 782 643 parte
798 560 960 627 hominem
978 558 1136 645 referens,

10 669 17 703 ι
36 648 95 709 sed
113 649 224 730 μὲνδης
245 661 293 707 est
308 645 435 722 hircus,
457 645 619 726 sire'ipse
632 647 710 708 Pan.
754 644 840 706 Vide
854 645 1002 711 Herodot.
1017 646 1073 710 lib.
1090 646 1137 713 Π.

10 757 16 795 ι
37 755 68 794 c.
82 739 134 800 46.
149 746 182 794 ot
195 730 330 793 Suirlam.
357 728 466 789 -Mihi
487 749 552 790 non
574 730 693 812 liquet:
717 743 872 811 quaerant
894 731 1003 800 otiosi.
1048 730 1138 816 Qu'iel

35 818 123 878 enim
139 819 248 899 μένους
265 831 334 875 oum
356 812 499 896 Xiphia,
522 828 578 874 aut
598 815 693 875 etiam
711 815 792 891 fele,
815 812 843 873 si
858 812 893 874 id
906 812 1017 893 malis,
1040 816 1139 900 habet

10 900 233 962 tcommune?
257 899 391 961 Gntnv.
441 901 717 980 Τριτωνομένδητες
744 898 917 980 appellatio
941 902 1076 961 monstri
1096 923 1138 977 ex

10 1011 15 1047 ι
36 987 193 1058 Tritone,
216 981 340 1041 marino
353 982 494 1058 homine,
518 983 654 1044 ethirco
671 983 855 1064 compositi,
880 998 972 1064 quem
992 987 1140 1067 Μένδητα

37 1090 107 1130 csse
120 1066 290 1151 Agyptiis‚
313 1083 425 1127 notum
439 1089 479 1129 ex
493 1067 660 1130 Herodoto.
704 1066 766 1130 Sed
780 1065 859 1150 quid
874 1066 914 1126 ad
931 1066 1139 1152 huncyuissi·

22 1160 112 1233 ης,
133 1154 204 1219 sive
217 1150 378 1213 stellionem
394 1151 492 1229 dicas,
513 1153 582 1214 sive
585 1151 691 1237 filesa,
707 1153 784 1214 ‘sive
799 1150 950 1212 mustelam
967 1149 1135 1235 danique?

36 1239 152 1320 Itaque
165 1249 290 1313 metuo,
314 1257 353 1295 ne
370 1235 424 1305 hie
441 1237 537 1298 etiam
552 1240 664 1297 lacuna
681 1239 742 1314 sit,
764 1251 802 1297 ut
816 1232 913 1296 modo
933 1235 1018 1307 circa
1036 1233 1136 1321 'Aspo-

36 1319 172 1402 κόοακας
197 1318 398 1379 observatum
420 1334 479 1381 est.
508 1320 612 1384 Gnosi.
656 1321 734 1383 Non
759 1341 840 1399 opus
864 1332 912 1379 est
931 1317 996 1381 hoc
1017 1319 1138 1384 Gesneri

37 1420 126 1467 metu
141 1423 246 1486 neque
260 1403 345 1464 enim
359 1404 434 1464 talia
456 1404 659 1466 adamussim
676 1419 754 1466 sunt
770 1402 941 1465 fastidiose
957 1398 1113 1487 exigenda
1122 1433 1135 1481 ς

36 1487 303 1574 quemadmodum
320 1488 415 1548 etiam
428 1490 609 1551 Massievius
621 1504 657 1551 et
669 1489 853 1553 Wielcndius
867 1502 1006 1552 censent.
1015 1490 1134 1570 Lnnrm

123 1573 303 1639 Rati-14.
337 1576 587 1656 Θυννοκέφαλοι)
608 1575 649 1634 In
667 1575 706 1643 ¹S.
729 1576 954 1653 Κυνονὲφαλοι.
997 1572 1039 1635 In
1057 1575 1140 1649 reli-

39 1661 113 1743 quis
130 1657 283 1736 Θυνοκὲφ.
298 1657 385 1740 quod
406 1679 466 1741 ego
488 1680 544 1720 our
559 1659 724 1736 mutarim,
748 1660 954 1720 manifestum
971 1671 1040 1739 est3
1062 1658 1138 1723 vide

39 1747 137 1805 etiam
152 1765 219 1823 cap.
233 1750 284 1809 88.
308 1741 437 1804 Sonam.
486 1745 694 1821 Θυνοκέοαλοι
716 1743 835 1818 Aldus,
862 1740 949 1824 quod
968 1756 1074 1804 ortum
1089 1743 1139 1805 vi·

37 1830 133 1890 detur
147 1849 186 1889 ex
199 1827 444 1904 θνννουέφαλοι,
468 1847 499 1909 q.
517 1827 546 1888 d.
562 1828 776 1910 tlunnieipites.
800 1828 942 1889 Thurinus
956 1826 1055 1907 piscis
1071 1828 1138 1903 οιό-ι
1160 1827 1162 1831 ’

36 1912 124 1985 bilis,
150 1933 220 1970 cum
235 1915 353 1972 cancris
368 1911 534 1972 commode
548 1913 705 1994 jungitur.
750 1912 786 1975 si
800 1911 984 1994 allegoriam
1000 1927 1135 1993 spectes,

36 2013 152 2057 notum
169 2009 235 2069 est,
260 1993 386 2054 brutum
409 1994 568 2076 quendam
589 1995 742 2076 impetum
766 1994 985 2055 multitudinis
1003 2016 1039 2056 ea
1055 1997 1145 2073 imo·-¹

38 2082 115 2166 gine
129 2079 247 2140 notari.
291 2077 355 2139 Sed
370 2077 487 2142 deinde
504 2080 573 2161 ipse
588 2101 716 2165 quoque
733 2079 836 2164 Aldus
852 2077 943 2141 dedit
957 2079 1138 2157 Κυνοιιεοᾷ-
1219 2088 1223 2097 ’

36 2175 121 2239 λους.
144 2167 188 2224 Ει
202 2159 282 2227 κύνα
300 2184 429 2247 quoque
447 2165 566 2245 piscem
584 2185 669 2245 esse,
691 2180 827 2231 notum«
839 2165 944 2226 Gaas.
989 2164 1062 2223 Etsi
1075 2165 1138 2227 Pn-

36 2254 131 2312 risina
151 2252 367 2330 Κυνοκὲφαλοι
387 2247 603 2328 praeferebat,
628 2263 732 2319 tamen
755 2250 789 2308 in
810 2249 957 2311 versione
979 2248 1139 2332 Tliynooe-

34 2334 121 2418 pinli
141 2354 325 2416 expressum
346 2348 430 2395 etat:
457 2331 544 2395 unde
567 2333 665 2395 facile
683 2347 791 2418 patet,
813 2331 891 2421 quid
912 2331 965 2397 edi
985 2334 1136 2401 voluerit.

34 2422 161 2480 Rasna.
836 2462 841 2469 ·
1101 2425 1105 2431 ’

124 2503 202 2566 Ibicl.
221 2497 389 2577 Ἑαυτούς)
411 2503 456 2562 Et
479 2502 528 2563 sic
549 2507 654 2587 legere
668 2502 873 2565 Florentinum
888 2525 959 2563 cum
975 2502 1057 2564 Junt.
1072 2480 1138 2575 nd}-
1235 2500 1241 2505 ’

37 2602 162 2648 taverat
181 2586 321 2647 Solonas.
367 2584 456 2668 Quid
469 2585 562 2647 tum?
595 2609 660 2646 non
679 2588 765 2647 enim
783 2608 863 2668 opus
878 2604 947 2655 erat
959 2589 1051 2648 aliam
1066 2583 1136 2651 leo-

38 2673 161 2730 tionem
178 2690 339 2750 quaerere.
375 2667 522 2743 Ἑαυτοΰς
535 2670 618 2729 enim
635 2671 680 2729 sic
693 2691 795 2733 amare
811 2666 1134 2757 μοοί-ρῐοοῖλλὴλους,
1224 2674 1240 2735 ’.
1261 2660 1265 2687 ’

37 2757 225 2829 seinvicem,
251 2758 302 2814 vel
324 2771 441 2828 mutuo,
474 2752 538 2811 nisi
560 2754 637 2813 satis
658 2767 769 2814 notum
793 2769 858 2830 est,
880 2753 947 2816 vid.
969 2776 1009 2815 ex
1034 2760 1137 2818 veteri

38 2839 185 2912 Lettino,
206 2838 242 2896 in
262 2837 408 2914 Biblioth.
432 2835 541 2899 Goslin.
562 2858 595 2918 p.
613 2846 685 2906 233.
708 2837 796 2918 quod
817 2838 884 2900 aitt
907 2837 1047 2913 ἕαυτοῦς,
1071 2836 1140 2909 cirri

37 2930 94 2988 τοῦ
115 2918 281 3002 ἀλλήλους,
305 2926 337 2986 oi
351 2917 478 2987 Ἀττικολ
495 2923 624 3004 λέγουσι.
667 2921 760 2984 Adde
783 2920 914 3006 Tliuoyd.
930 2923 989 3001 IV,
1011 2927 1064 2993 26.
1085 2918 1140 2991 uel

39 3007 312 3087 παρακελευόμενοι
324 3009 355 3071 ἐν
373 3010 507 3083 ἑαυτοῖς,
528 3023 555 3066 et
569 3031 600 3067 se
611 3024 711 3070 mutuo
729 3006 890 3069 adhortati.
912 3007 1037 3072 Riese.
1078 3012 1139 3073 Et.

39 3114 125 3152 rasse
136 3091 285 3154 Reitzium
299 3093 456 3171 suspicor,
481 3090 538 3173 qui
554 3090 662 3153 Soloni
676 3095 786 3152 n'otam
802 3090 842 3151 ad
856 3091 919 3152 hoo
929 3091 1055 3169 iuurodc
1067 3116 1139 3177 pet„

38 3177 143 3236 tinere
165 3190 302 3257 putaret.
347 3179 411 3237 Res
428 3176 512 3236 enim
530 3174 643 3238 hicest
657 3175 738 3237 adeo
759 3180 1001 3256 clamacnota,
1023 3179 1137 3241 uisos
1194 3196 1202 3213 “

39 3261 143 3322 lanum
157 3282 222 3341 non
241 3258 362 3321 credam
378 3259 416 3322 de
431 3281 467 3321 ea
480 3258 628 3320 dubitare
639 3261 796 3344 potuisse.
828 3261 949 3322 Verum
965 3263 1134 3344 pertinuit,
1215 3339 1218 3343 Ι

37 3345 103 3405 nisi
120 3347 233 3416 fallor,
255 3359 332 3404 nota
352 3346 413 3405 ista
430 3344 469 3404 ad
492 3343 593 3422 illud,
613 3345 700 3428 quod
721 3367 795 3405 mox
815 3365 990 3426 capuaqu.
1005 3347 1135 3431 tegimf,

38 3425 150 3503 adroic
172 3455 204 3512 γε
224 3424 446 3510 ὡπλισμένους,
471 3429 527 3488 ubi
553 3429 747 3491 insolentius
771 3428 874 3491 videri
893 3430 1005 3512 potuit
1025 3425 1136 3507 αὗτοῦς

36 3514 77 3575 de
92 3514 193 3595 prima
209 3533 343 3592 persona
360 3537 418 3593 pro
431 3511 511 3595 ἡμᾶς
523 3507 644 3589 αὐτούς·
667 3535 855 3597 quamquam
870 3535 911 3575 ne
925 3513 988 3575 hoc
1003 3514 1134 3596 quidem

36 3600 106 3658 sine
125 3601 281 3671 exemplo.
324 3599 374 3657 Cf.
390 3620 527 3680 snprao.
541 3607 572 3667 6.
586 3595 773 3685 παραδόντες
787 3595 1135 3682 droit-instituitis&

35 3682 284 3756 ubivid.Reirz.
307 3683 424 3746 Lnnn.
1032 3730 1038 3749 .
1107 3702 1116 3723 ²

120 3766 200 3828 Ibat.
226 3768 451 3847 Πεποιημένοι)
474 3767 591 3830 Active
612 3768 667 3829 hie
689 3767 838 3850 ponitur,
862 3780 900 3828 ut
917 3763 1135 3850 sdp‘qplmp'si-

37 3850 157 3911 militer
174 3852 280 3919 active
298 3872 346 3932 ap.
363 3851 542 3934 Alciplrron.
555 3853 580 3931 Ι,
595 3855 656 3934 Ep,
670 3861 699 3921 8·
714 3856 763 3917 καὶ
781 3856 884 3936 δέομαι
897 3851 931 3918 sd
949 3862 1029 3942 λῷον
1042 3849 1134 3939 εὖρον

35 3936 129 4016 μένην
146 3939 376 4016 συμβουλεῦσαι.
406 3937 472 3996 Ubi
487 3937 590 4020 Bergl.
606 3937 686 3999 bene
702 3952 828 4016 monet,
851 3951 976 4020 praetor
987 3940 1068 4019 alios
1084 3941 1133 4009 sio

37 4041 131 4100 saepe
144 4019 363 4093 Demosthenem
378 4022 491 4102 loqui,
515 4035 552 4099 nt
568 4018 730 4106 εὑρημένοι
744 4019 832 4105 τιμὰς
846 4039 907 4086 etc.
923 4024 1031 4086 Noster
1044 4044 1132 4106 supr.

37 4105 143 4172 Deos.
157 4103 248 4168 Diti.
266 4105 356 4171 XIV·
376 4104 432 4171 fin.
452 4104 570 4191 θνητὸν
591 4109 791 4194 πεποιημένος
806 4106 860 4178 οόν
881 4102 1042 4194 ὄρόμουον.
1083 4107 1134 4171 Ao
