2634 4680
236 259 239 263 ’
320 300 358 344 rr
386 254 513 344 vunan
541 296 741 346 rrrsranria
770 299 836 345 nra.
867 287 905 350 tr,
1082 283 1159 361 683
1199 304 1202 309 ’

60 445 143 505 tanti
170 443 252 505 idem
277 444 373 505 licere
395 441 517 505 debere.
549 443 651 506 Gasn.
704 444 918 523 Penultimam
939 444 1098 528 corripuit
1120 449 1156 508 in
1233 498 1237 513 .

62 551 170 590 versus
186 529 336 613 gratiam,
361 526 449 609 quod
472 527 665 603 recentiores
683 535 795 608 poitas
818 527 854 588 iu
869 533 937 610 ejus
958 530 1083 612 generis
1098 551 1157 592 uo-

60 614 220 687 minibus,
248 627 287 671 ut
308 613 342 672 in
361 606 550 691 Ἰοολτονάς,
572 611 644 670 sibi
668 610 841 674 indulsisse
859 608 955 675 (lucet
970 613 1090 678 Jacobs.
1114 613 1157 677 sd
1228 670 1232 679 ,

60 697 186 759 Antiol.
204 695 305 758 Palat.
324 697 360 756 P.
375 696 438 757 III.
454 717 485 778 p·
502 701 574 764 682·
596 697 713 756 Lina.
950 736 956 757 τ

143 782 218 864 Pag.
231 789 304 849 302.
324 784 345 844 l.
360 786 391 848 4·
412 776 468 866 -Ἐξ
487 773 610 854 advari)
637 780 691 843 sio
713 779 812 842 Flet
836 778 919 844 lunt.
943 803 1004 866 pro
1024 787 1157 870 vulgato

60 869 178 931 ἑαυτοῦ.
207 867 333 926 sorar.
492 889 499 903 ·
882 908 885 914 -

145 949 225 1012 Ibid.
258 953 471 1032 Maorlyor
491 945 644 1029 ψόφος]
674 950 765 1012 Haec
786 969 887 1032 prope
911 947 1028 1017 iisdem
1050 951 1157 1017 vorbis

59 1033 201 1098 reddidit
213 1035 466 1114 Necyomantise
482 1035 697 1094 concinnator
711 1055 738 1094 ο.
754 1039 803 1101 14.
818 1033 862 1095 iu.
884 1033 1005 1095 Laura.

25 1180 27 1184 ,
142 1119 222 1182 Eud.
235 1124 257 1180 l.
273 1126 303 1186 7.
323 1116 514 1199 Ἆπόξυρος)
535 1117 695 1179 Mandane
709 1119 745 1178 in
758 1117 906 1179 omuibus
920 1119 1157 1202 impressis‚·ex·

59 1198 540 1285 ceptaFl.,legitaroirro'5r1a09.
563 1201 639 1264 Vid.
657 1202 754 1264 libat.
772 1203 880 1264 Prsao.
898 1223 927 1273 c,
943 1211 972 1269 7.
987 1218 1021 1265 st
1034 1203 1069 1264 in
1087 1206 1159 1267 Na·-
1266 1260 1268 1265 .

59 1290 124 1372 vig.
140 1311 167 1351 o.
186 1295 215 1356 8.
260 1290 360 1348 Recte
378 1288 472 1348 etiam
489 1286 641 1346 scribitur
654 1287 688 1345 iu
701 1288 780 1351 Mss.
797 1285 892 1370 Angl.
909 1289 944 1350 Ρ.
958 1301 992 1349 et
1004 1290 1044 1350 L.
1058 1289 1157 1352 initio

60 1373 224 1434 Prometh.
241 1379 286 1448 (s.
305 1372 424 1455 Caua.)
447 1374 574 1434 Sosin.
820 1428 824 1433 .

144 1455 223 1521 Ilici.
248 1458 310 1520 Kal
329 1455 476 1542 τράχωσι)
498 1457 540 1516 Iu
562 1453 751 1537 quibusdam
773 1455 867 1518 libris
889 1455 1084 1520 Scholiartes
1103 1462 1158 1520 le-

61 1542 146 1623 gisse
168 1540 313 1619 videtur,
347 1542 476 1624 probis
501 1539 620 1599 duabus
641 1539 792 1618 vocibus,
820 1542 949 1624 τραχέσι.
993 1540 1156 1605 Serantis

60 1648 136 1686 sana
150 1625 279 1687 videtur
299 1632 428 1711 vulgata
452 1625 626 1706 scriptura:
651 1645 834 1706 quanquam
851 1648 917 1687 non
937 1624 1066 1688 suntad
1084 1648 1158 1689 ma·
1204 1626 1207 1631 ’

60 1733 136 1769 num
152 1731 257 1783 nunc,
273 1709 359 1771 unde
376 1710 574 1784 confirmem,
591 1712 673 1769 loca.
719 1710 809 1768 Talia
823 1709 1003 1773 Plutarchus
1017 1710 1052 1782 iu
1064 1706 1155 1791 Ἀλοξ,

58 1794 172 1870 τόπους
187 1787 366 1876 άοτόῤῥωχας
380 1810 483 1856 vocat.
507 1793 634 1853 Sanan.
680 1794 813 1871 Mallem
826 1802 972 1878 τρωχῶσι,
995 1817 1013 1856 a
1030 1792 1156 1879 τροχὸν,

60 1887 226 1961 τραχῶοος,
248 1878 330 1940 loom
351 1903 450 1960 asper,
473 1878 534 1938 atsi
549 1878 693 1936 omnium
717 1875 821 1938 Editt.
844 1893 1026 1957 accentum,
1050 1880 1156 1962 quiin

57 1965 159 2043 prima
182 1976 265 2037 erat,
295 1964 429 2024 servavi.
481 1962 564 2021 Nam
591 1960 678 2042 quod
707 1956 933 2041 l'pcixov‘Suitl.
955 1962 1091 2041 scribat,
1121 1964 1158 2025 id

60 2068 175 2107 nornen
191 2046 357 2127 proprium
371 2068 455 2124 esse,
478 2060 561 2106 recte
575 2044 700 2124 judicat
715 2046 814 2127 Steplr.
838 2050 882 2105 At
896 2047 930 2106 iu
949 2047 1047 2109 Strab.
1063 2047 1155 2112 XVI.

61 2154 93 2213 p·
110 2138 182 2198 756.
203 2151 228 2193 ὃ.
256 2137 348 2198 1096.
380 2131 424 2209 (i.
440 2154 466 2192 e.
490 2135 519 2206 ᾖ.
536 2135 606 2204 20.)
646 2137 801 2213 Τράχωνος
823 2145 927 2190 tamen
951 2128 1157 2219 editumbst,
1192 2199 1196 2206 ,

61 2216 117 2296 qui
139 2216 206 2275 sint
229 2214 294 2276 duo
319 2219 414 2276 calles
436 2221 519 2276 ultra
536 2217 744 2286 Damascum
769 2214 885 2279 sedibi
906 2215 1060 2296 Τράχωνες
1079 2217 1158 2277 sori·
1210 2216 1213 2223 '

61 2300 199 2361 bendum
220 2299 372 2377 arbitror,
396 2301 472 2382 quia
495 2299 578 2381 apud
596 2300 751 2380 loa-epium
767 2298 814 2360 sio
829 2303 902 2382 plus
918 2300 1040 2376 decies,
1061 2316 1100 2361 ut
1111 2301 1155 2363 L.

60 2386 156 2449 XIII.
168 2387 244 2448 Ant.
266 2408 331 2468 cap.
350 2392 452 2462 16.10.
468 2390 499 2453 5.
523 2399 556 2444 et
569 2385 641 2456 XV,
658 2392 713 2461 10,
733 2394 762 2450 1.
785 2384 836 2446 bis
856 2397 914 2449 etc.
938 2387 1061 2452 Ilarrz.
1104 2385 1157 2447 Its

62 2477 123 2552 jain
139 2471 356 2531 recentissima
368 2470 522 2532 Strabonis
536 2468 649 2529 Editio
666 2484 751 2530 recto
768 2467 913 2551 exhibet,
936 2484 969 2530 at
980 2473 1091 2553 paullo
1104 2490 1159 2531 su.

61 2554 216 2634 periuso.
235 2563 285 2621 16·
334 2552 572 2635 Τροχάοωνρτο
596 2574 653 2629 eo,
678 2551 819 2635 quadiu
843 2568 920 2615 vett.
934 2553 1017 2616 Edd.
1039 2556 1157 2632 fuerat,

67 2644 255 2718 Τραχωνιτῶν
277 2652 309 2696 et
332 2638 489 2697 Codicum
513 2637 653 2698 lectione
671 2644 841 2718 Τροχανοῖν.
885 2641 927 2702 Η.
943 2643 966 2705 l.
982 2637 1112 2722 τράχωσι
1124 2652 1160 2701 ot

60 2722 231 2781 lectionem
248 2735 280 2780 et
296 2721 485 2801 scripturam
508 2718 706 2781 retinendam
727 2720 818 2780 duxi.
862 2720 980 2783 Rarius
997 2737 1045 2784 est
1058 2740 1159 2784 voss-
1275 2743 1278 2747 ·

59 2806 186 2876 bulum;
217 2805 303 2864 unde
323 2818 478 2863 mutatum
501 2803 539 2863 ab
563 2804 788 2886 ignorantibus
808 2805 949 2865 librariis
969 2807 1004 2865 in
1027 2807 1159 2890 τραχέσι,

60 2890 175 2950 omissa
196 2893 277 2969 jam,
306 2903 344 2948 ut
363 2911 421 2971 par
447 2904 530 2967 erat,
560 2891 687 2968 copula.
740 2888 889 2949 Occurrit
912 2904 1016 2969 autam
1039 2891 1156 2952 iterum

60 2974 147 3055 apud
169 2987 311 3035 nostrum
334 2974 368 3032 iu
389 2977 508 3037 Toxar.
531 2994 559 3033 c.
573 2978 626 3039 49.
649 2972 819 3057 τράχωνος,
843 2973 899 3033 ubi
922 2996 990 3035 non
1014 2990 1063 3036 ost
1078 2997 1158 3057 pros·

60 3060 166 3140 prium
188 3080 323 3128 nomen,
347 3072 385 3116 ut
403 3059 564 3140 Interpres
584 3058 724 3118 Latinus
747 3059 850 3140 capit,
872 3074 905 3119 et
931 3053 1157 3122 Schneider-'iu
1226 3134 1230 3140 Δ

58 3142 173 3203 Lexic.
189 3164 214 3204 s.
231 3164 260 3207 v.
279 3139 391 3224 τρηχά,
416 3142 472 3204 sed
493 3143 720 3225 appellativum
736 3157 769 3207 ot
788 3143 908 3224 ipsum,
930 3143 970 3205 de
986 3158 1158 3226 asperan-

57 3234 144 3310 giorra
157 3227 348 3308 capiendum
357 3278 366 3306 ,
391 3228 439 3289 uti
454 3248 514 3288 suo
526 3231 599 3289 loco
616 3226 808 3291 ostendatur.
842 3228 1036 3310 &cripturam
1050 3243 1158 3292 autum
1194 3232 1196 3239 '

59 3312 192 3394 τράχον,
214 3310 386 3392 τράχωνος,
411 3334 479 3373 nou
496 3310 576 3373 adso
593 3334 652 3396 ego
670 3310 933 3374 contemnendam
948 3333 1016 3374 essa
1030 3311 1155 3395 judico,

59 3411 95 3457 ut
116 3395 310 3458 Schneiderus
332 3419 400 3458 earn
428 3398 561 3458 omnino
582 3397 746 3458 mentions
775 3400 863 3457 nulls
886 3395 1014 3481 dignam
1040 3397 1158 3459 habore

59 3482 212 3565 potuerit.
258 3483 392 3561 Dionysii
411 3481 504 3557 Hal,
528 3501 622 3563 quam
645 3481 672 3541 ir
693 3479 804 3558 affert,
822 3485 930 3542 locum
945 3481 1155 3563 Epit.17,5.

60 3566 146 3626 unde
161 3565 257 3626 verba
280 3567 421 3626 citantur
438 3561 577 3648 ὀρεινοάς
592 3573 760 3647 τράχωνος,
782 3567 818 3626 in
839 3564 945 3627 medio
959 3584 1047 3626 nuuc
1061 3566 1159 3627 relin-

60 3672 165 3731 quam.
209 3649 289 3726 Nec,
302 3664 409 3711 utrum
426 3649 546 3726 Saitlar,
558 3651 700 3712 scribens
718 3645 850 3734 τράχωο,
862 3646 1023 3733 τράχωνος,
1038 3670 1158 3717 nomeu

61 3734 289 3815 appellativum
316 3736 527 3817 cogitaverit,
560 3757 600 3795 an
622 3734 805 3817 proprium,
836 3732 1020 3813 decernam,
1049 3754 1159 3818 quam-

62 3839 156 3899 quam
180 3819 263 3879 illud
286 3819 366 3879 mibi
390 3822 487 3900 longe
510 3817 708 3901 probabilius
733 3818 870 3880 ridetur.
916 3819 1033 3880 Varum
1055 3840 1096 3881 ex
1116 3838 1158 3881 :oo
1252 3843 1271 3903 h·

63 3902 152 3982 ipso,
183 3902 270 3985 quod
294 3926 409 3964 noman
436 3905 601 3985 proprium
628 3903 750 3985 Τράχων
769 3918 802 3965 et
830 3900 889 3987 Τρά
910 3928 984 3978 torst·
1004 3902 1167 3979 tonabat,

64 4007 131 4045 non
149 4003 265 4048 temere
281 3988 360 4048 mibi
381 3987 492 4048 videor
514 3988 664 4070 colligere
682 4009 792 4070 posse,
815 3930 907 4048 haud

63 4092 124 4155 que
145 4071 348 4151 inusitatam,
385 4073 557 4155 posteriori
581 4076 691 4136 saltem
719 4093 819 4152 savo,
850 4074 952 4136 fuisso
975 4073 1107 4137 candem
1126 4083 1160 4135 ut

918 3987 1082 4052 absurdam
1094 4007 1161 4049 us·-
1262 4061 1265 4067 ¹
