2634 4680
317 327 357 374 ru
383 325 511 374 vunan
537 322 741 378 rusrouratr
767 324 837 375 nm.
867 289 905 372 tr.
1077 307 1150 378 671

10 496 25 530 ι
57 478 212 551 initium,
237 474 276 535 de
294 471 403 534 cienda
420 466 558 533 chordae
575 464 698 531 finctae
717 470 819 532 vinem
837 466 1007 537 subeunte.
1023 471 1153 538 soma.

10 578 30 615 Ι
58 564 112 623 Cf.
129 561 304 632 Strui-Vl,
325 569 354 626 9.
371 564 492 641 peso.
514 556 635 616 Lunna.
1113 606 1117 615 ,

10 644 30 703 ἰ
142 645 221 706 Eud.
236 650 256 710 l,
276 653 326 711 11.
351 641 561 726 Σὶησλχορος)
581 640 682 700 Poeta
699 652 833 722 propter
854 640 999 704 Helenae
1020 640 1155 724 vitupe-

10 750 28 788 ι
59 731 217 799 rationem
241 731 345 789 oeulis
366 741 494 810 captus,
523 745 591 785 non
611 723 719 807 prius,
749 723 814 783 nisi
835 729 964 808 placato
988 725 1155 806 palinodia

10 816 35 875 ιλ
60 802 201 895 οἱῆλεὲτιι
221 815 370 886 numine,
404 810 516 872 videre
542 809 662 891 potuit.
705 808 836 870 Lucina.
865 810 1013 874 Msorob.
1044 811 1153 877 Coeus.

57 897 206 959 Macrob.
222 920 247 960 c.
265 905 315 964 20.
331 896 528 958 Himerensis
541 900 638 976 potita
653 909 788 953 vocatur
802 893 865 953 Pro
881 895 1000 978 Imtsgg.
1017 916 1085 977 cap.
1104 901 1154 965 15.

10 1026 26 1037 .
57 984 112 1042 De
129 983 250 1042 Arione
265 996 369 1040 antem
384 979 507 1041 Lesbio
522 977 598 1041 vide
613 976 770 1059 imprimis
788 979 1048 1051 DileMarinn.
1062 980 1155 1043 VIII.

10 1042 38 1084 ³
57 1081 91 1128 et
107 1087 186 1149 quos
197 1066 247 1125 ibi
263 1064 296 1123 in
312 1065 506 1148 Argumenta
521 1061 672 1139 landari,
696 1065 789 1122 Tom.
804 1063 851 1124 Π.
868 1083 901 1144 p.
918 1067 990 1131 116.
1012 1063 1147 1128 Lenia..

25 1211 31 1223 ,
146 1148 224 1211 Eud.
245 1154 267 1214 l.
292 1158 343 1216 12.
374 1145 521 1231 Ἑλένης)
553 1147 592 1207 In
614 1149 771 1207 Helenum
789 1154 903 1227 poenus
929 1147 1155 1212 inclementius

10 1232 38 1273 ¹
59 1234 248 1314 scripserat,
273 1233 315 1295 ob
331 1231 418 1315 quod
434 1255 451 1291 a
468 1232 600 1293 Castore
615 1246 647 1291 et
663 1233 794 1292 Polluce
808 1231 986 1292 luminibus
1005 1230 1154 1310 orbatus,

10 1321 33 1360 Ι
62 1332 189 1378 cantata
208 1339 318 1377 rursus
342 1315 507 1399 palinodia
530 1316 633 1375 visum
659 1315 817 1396 recepisse
831 1316 945 1378 fertur.
988 1314 1063 1381 Vid.
1078 1317 1157 1378 Ple.

10 1404 35 1445 ¹¹
61 1404 145 1463 lustr.
166 1403 227 1480 VI,
244 1408 315 1471 245.
330 1418 362 1463 et
376 1400 459 1463 Plot.
477 1402 512 1460 in
531 1397 697 1482 Phaed103
722 1398 804 1463 adde
819 1398 915 1463 Iseon
926 1395 988 1465 Ἑλ.
1005 1401 1068 1486 lys·
1082 1420 1157 1485 pag.

10 1492 33 1532 ¹¹
60 1493 132 1555 329.
155 1487 281 1548 Sozau.

20 1582 32 1619 ⁸
147 1571 222 1654 Peg.
239 1579 312 1640 288.
327 1574 395 1637 La.
425 1565 521 1654 Περὶ)
547 1569 641 1654 Angl
662 1564 755 1654 stupui.
783 1569 919 1633 Bonan.
963 1565 1077 1655 Παρὰ)
1103 1571 1157 1632 Ex

10 1671 26 1717 ἓ
61 1656 157 1738 Angl.
172 1672 204 1717 et
219 1658 255 1719 P.
272 1656 389 1737 reliqui
402 1655 487 1714 enim
499 1655 569 1733 περὶ
584 1652 721 1728 habent,
744 1653 873 1717 vitiose.
896 1655 1022 1720 Soaau.
1064 1655 1157 1717 Infn

10 1752 29 1789 ¹¹
62 1762 139 1800 vero
156 1762 226 1799 curu
244 1739 354 1800 dativo
374 1737 435 1799 hae
450 1739 519 1817 ipsa
529 1738 670 1800 Dissert.
684 1760 754 1820 esp.
768 1748 819 1808 58.
836 1760 884 1820 pr.
895 1764 940 1821 no
959 1742 990 1804 nl
1004 1737 1060 1806 driu
1074 1737 1158 1821 mnu*

10 1837 28 1877 τ
63 1824 405 1900 ταῑςπύλαις,,11ιιτκ.
450 1821 489 1882 Id
506 1823 611 1904 ipsum
627 1844 756 1885 monere
771 1822 919 1884 Reitzimn
935 1766 1157 1902 debebat,nnn
1209 1830 1218 1847 ⁸

10 1924 32 1971 τ’.
61 1907 145 1990 παρὰ
158 1907 191 1972 τὸ
205 1906 376 1989 συμπόσιον
391 1921 476 1967 reete
490 1907 574 1990 legi,
599 1907 686 1990 qnod
709 1906 918 1986 foret‘potins
932 1910 1159 1972 iaurooaalai-
1205 1987 1208 1991 ,

10 2013 22 2047 s
63 2019 130 2069 am,
161 1993 286 2052 durante
306 2013 413 2067 coma,
443 2004 482 2050 ut
501 1989 585 2074 παρὰ
603 1989 656 2055 τὸν
669 1998 767 2057 πλοῦν
784 1992 1156 2070 Dianlttouexxlr,

10 2090 24 2131 :¹
61 2089 94 2145 3.
111 2091 142 2136 et
155 2077 301 2159 saepius,
324 2072 406 2156 παρὰ
420 2073 472 2140 τὸν
487 2081 557 2158 βίον
573 2074 650 2137 ibid.
665 2077 807 2152 XVLS.
820 2092 853 2138 et
866 2077 1012 2160 opius,
1034 2076 1157 2162 setige-
1221 2120 1224 2125 -

15 2180 24 2207 ⁴
62 2161 195 2221 uuinam
210 2157 278 2222 essa
292 2160 483 2220 Editionnm
496 2159 667 2222 lectionem
681 2164 750 2246 napi
766 2161 799 2226 td
814 2160 992 2262 nupuo‘prov.
1015 2163 1135 2224 Lm·

10 2268 21 2301 ε
147 2245 225 2306 End.
239 2251 260 2307 l.
275 2254 304 2325 6.
325 2240 519 2324 Ἦμιθέους)
547 2244 703 2320 semidei,
727 2267 795 2307 non
814 2246 934 2331 integra
949 2246 1028 2326 Dii,
1051 2266 1157 2333 nequo

10 2350 21 2387 r
62 2331 228 2406 homines;
267 2328 322 2391 sed
343 2333 443 2390 altero
464 2344 598 2410 parente
622 2328 756 2409 divino,
789 2336 890 2392 altaro
911 2330 1070 2393 humanos
1099 2345 1157 2392 aut

63 2417 202 2476 Semidei
232 2417 357 2476 ratione
392 2415 534 2474 virtutis.
580 2414 781 2477 Tertullianus
809 2431 947 2499 quatuor
976 2415 1156 2478 Gentilium

62 2502 206 2559 Deorum
221 2495 417 2559 differentias
434 2498 534 2559 fuisse
545 2498 676 2575 scribit,
700 2520 834 2582 quorum
853 2500 983 2583 quidam
1000 2503 1110 2564 selecti
1123 2515 1158 2564 et

63 2589 217 2661 majorum
235 2583 376 2666 gentium
395 2583 456 2640 Dii
479 2584 586 2642 vocati
601 2596 695 2657 sunt,
720 2582 849 2667 quidam
866 2583 1009 2646 semidei
1033 2600 1067 2648 et
1085 2586 1158 2648 He·

62 2675 150 2744 roes,
174 2669 304 2748 quidam
317 2664 532 2741 Medinximi,
554 2681 586 2726 et
599 2665 727 2748 qnidam
742 2669 905 2732 semones.
927 2670 1037 2730 cona.
1125 2708 1128 2713 -
1149 2710 1153 2717 ·

147 2750 223 2811 Eud.
242 2754 262 2814 l.
278 2757 310 2816 7.
332 2757 461 2832 Λοκροῦ
474 2750 629 2829 Αἴαντος)
652 2749 703 2811 Ob
724 2750 878 2813 violatam
900 2751 940 2814 ab
964 2774 1003 2815 eo
1023 2752 1158 2815 Casan·
1263 2808 1268 2819 .

64 2835 161 2896 dram.
184 2836 312 2896 Souara
878 2914 881 2919 ἢ

147 2919 225 2982 Eud.
247 2924 268 2980 l.
287 2927 335 2985 10.
360 2918 514 3000 Νουμᾶν)
543 2917 680 2996 Omnes,
703 2934 866 3002 quotquot
876 2919 965 2998 vidi,
987 2920 1065 2982 libri
1086 2929 1159 2989 Nou

63 3011 132 3085 μᾶν.
177 3003 239 3065 Sed
256 3004 333 3064 vide
346 3002 495 3064 Pseudol.
511 3024 537 3062 e.
553 3010 585 3069 0
601 3018 633 3063 et
648 3004 795 3066 Macrob.
812 3025 841 3068 c.
859 3011 889 3074 8.
911 3009 1040 3070 Sorae.
1097 3056 1120 3087 ,.
1139 3050 1154 3065 ..

148 3089 224 3152 End.
241 3094 261 3150 l.
281 3097 330 3154 12.
359 3091 488 3164 Τέλλον)
511 3085 592 3148 Vide
610 3087 748 3153 Charon.
763 3111 790 3151 e.
810 3097 860 3156 10.
879 3105 914 3151 et
927 3090 1009 3154 Plu.
1030 3092 1158 3160 Soura

151 3173 230 3233 ibid.
247 3173 334 3237 ’Ἄνευ
354 3169 568 3257 Περιάνδρου)
589 3175 657 3232 Ant
673 3174 748 3256 quia
770 3178 947 3256 tyrannus3
969 3190 1025 3236 sut
1047 3176 1158 3258 potius

64 3259 138 3342 quia
156 3259 349 3323 calamitates
362 3258 552 3320 domesticas
565 3272 628 3317 tam
644 3258 754 3340 inique
768 3259 862 3336 tulit,
872 3276 932 3338 hut,
954 3259 1158 3345 aegritudine

64 3343 140 3403 inde
160 3357 339 3419 contracta,
370 3342 556 3414 decesseritg
589 3340 677 3423 qnod
698 3344 852 3424 sapientis
871 3365 938 3404 non
961 3361 1019 3408 est.
1062 3348 1107 3406 At
1128 3344 1158 3405 si

64 3427 226 3488 Aelianum
243 3425 364 3502 audias,
389 3425 453 3486 duo
473 3425 637 3488 Periandri
654 3426 803 3488 fuerunt:
825 3429 952 3508 sapiens
966 3435 1054 3506 alter,
1078 3433 1158 3491 alter

66 3527 237 3591 tyranuum
262 3512 336 3572 Vsr.
354 3512 440 3572 Hist.
454 3511 531 3589 xll,
546 3515 597 3580 86.
630 3509 693 3573 Sed
709 3510 804 3572 foede
820 3528 991 3595 corruptus
1003 3517 1094 3574 loeus
1108 3526 1159 3574 oss

64 3597 118 3656 ille
138 3595 269 3657 Aeliani.
313 3597 413 3657 Fuere
437 3595 565 3676 quidem
585 3594 652 3656 dno
672 3594 857 3673 Periandri,
882 3597 937 3656 sed
952 3612 1089 3679 uterque
1102 3613 1158 3677 ty·

64 3702 200 3759 rannus3
224 3680 350 3760 sapiens
364 3678 417 3739 hic
433 3679 604 3756 Corinthi,
627 3679 813 3741 Ambraciae
826 3703 904 3742 voro
918 3686 999 3745 alter
1011 3683 1078 3744 ille.
1099 3680 1158 3743 Viu

66 3762 104 3822 de
121 3767 242 3846 Diogen.
261 3764 359 3826 Lairt.
376 3785 407 3845 p.
423 3769 474 3832 25.
488 3780 521 3825 et
536 3765 660 3847 Menug.
675 3779 745 3831 not.
760 3787 793 3845 p.
807 3774 858 3834 36.
882 3764 949 3848 Qui
963 3765 1159 3829 Peneum

66 3848 129 3905 t'11
143 3850 343 3930 sapientibus
359 3851 558 3910 annumerari
575 3855 703 3925 nolunt,
727 3849 1000 3932 Epimenidempro
1012 3873 1052 3913 eo
1063 3854 1161 3937 rep}

65 3947 159 3991 nunt.
205 3933 298 4008 (vid.
315 3935 391 3995 Plu.
408 3933 522 3997 Solon.
541 3939 620 4013 164,
633 3930 689 4018 2.)
712 3934 802 3996 Pluto
814 3957 890 3998 varo
902 3934 1082 4014 liudem,
1105 3952 1158 3996 ts·

65 4030 112 4074 are
129 4017 215 4098 Πίος.
227 4018 328 4081 Lairl.
344 4029 373 4083 7.
386 4021 421 4080 F.
438 4018 492 4080 sed
509 4019 543 4078 in
559 4021 686 4102 Protsg.
703 4027 777 4087 206.
791 4022 819 4080 F
820 4019 897 4083 ..ahl
908 4022 1072 4100 sapientes
1084 4020 1157 4084 Plu·

66 4116 95 4161 to
110 4116 268 4180 recenset,
289 4103 437 4191 Eudoxus
449 4107 506 4169 ille
521 4110 587 4166 uo'n
602 4119 772 4188 comparet.
815 4104 918 4171 Immo
933 4106 1077 4191 Iiiogeaes
1087 4107 1157 4190 ips!
