2634 4680
300 302 905 383 mutatoriorum.
1077 272 1157 370 4'65

56 467 152 537 scius,
176 463 369 540 nt·cap.12·
387 458 496 533 θυμοῦ
515 452 673 535 κρείττων,
701 424 752 516 1ἰνο
767 456 913 539 rup'ericr,
935 470 968 521 et
981 458 1034 522 De
1049 460 1153 530 Mero.

58 545 165 609 Cond.
183 567 208 609 c.
224 549 274 609 19.
287 555 367 609 cxtr.
382 542 525 622 κρείττων
541 533 718 619 χρημάτων,
748 565 832 622 quem
855 565 915 606 nort
933 546 1007 627 regit
1027 543 1157 610 debendi

57 629 179 714 cupido.
221 626 326 687 Unice
339 624 450 705 itaque
475 619 579 682 activo
601 621 758 704 capienda
779 637 827 685 cat
846 621 878 687 lt.
894 630 919 693 1.
934 626 1064 715 inuidia,
1086 650 1156 699 non
1244 702 1246 713 Ι
1290 626 1296 633 ”

55 717 154 775 simul
171 711 308 794 passive?
330 709 450 768 Lunrr.
1137 753 1141 758 -

144 797 219 878 Peg.
233 803 305 863 108.
318 796 340 853 1.
354 800 385 858 2.
410 786 480 877 Κᾷν
490 787 590 854 πάντα
600 792 693 855 πλείω
705 790 776 937 έρρ)
800 792 838 852 V
832 810 901 855 oret.
914 798 945 857 le
970 797 996 856 it
1009 794 1068 886 κρῖν
1080 796 1171 866 κατδ

58 878 159 947 πάντα
170 874 373 962 πλεονεκτήσρ
389 873 425 940 κδ
444 872 528 940 ἄλλα.
551 875 675 938 ὅσων.
755 896 797 936 on
820 897 902 960 oput
920 895 983 941 crrt
1005 882 1160 947 emenda.

61 969 154 1028 tione
172 966 304 1037 Vorstii,
329 961 357 1020 ri
371 980 442 1020 cum
458 960 522 1020 Mc.
535 959 616 1042 Reg.
632 962 726 1027 3011.
743 964 846 1044 legas,
866 958 926 1050 κᾷν
938 960 1079 1033 sintrio
1095 970 1158 1059 ἔχῃ.

57 1054 132 1115 Bra.
176 1049 294 1130 Neque
313 1045 374 1105 hac
388 1041 475 1104 haud
491 1041 589 1103 dubie
602 1043 717 1103 mutila
735 1045 874 1108 lectione
895 1067 975 1130 opus
990 1065 1038 1112 cst
1055 1050 1094 1112 ad
1110 1077 1159 1117 re·

62 1130 227 1197 stituenda
245 1127 503 1206 Luctantverba,
526 1147 624 1209 quae,
646 1129 696 1187 uti
724 1126 843 1189 dudum
863 1136 1057 1216 vulgantur,
1087 1157 1161 1198 om.

60 1221 143 1280 nino
158 1229 243 1277 recte
258 1213 388 1278 habent.
432 1213 616 1273 Formulam
632 1211 884 1293 quidem-tociaco
902 1220 994 1281 tritior
1007 1219 1081 1299 ἔχειν
1102 1240 1160 1303 pet

59 1326 96 1365 cc
119 1321 212 1362 nemo
236 1297 415 1381 improbare
436 1309 562 1378 potest,
593 1297 650 1383 qui
669 1296 751 1356 illud
774 1299 958 1361 Promethei
984 1304 1162 1367 contulerit

61 1389 168 1450 Diall.
187 1386 287 1445 Deor.
305 1383 338 1461 Ι,
353 1391 383 1450 2·
405 1382 457 1446 καί
471 1386 500 1446 τί
512 1383 602 1445 πλέον
621 1381 691 1460 ἕξως
720 1396 752 1441 et
774 1381 857 1441 illud
878 1384 1021 1447 Isocratis
1039 1388 1158 1489 Panep.

66 1496 93 1533 c.
111 1481 140 1538 1.
158 1463 247 1534 οὐδὲν
260 1461 300 1531 div
311 1470 402 1532 πλέον
415 1467 531 1550 γίνοιτο
544 1474 607 1540 τοῖς
630 1462 739 1540 ὐλλοις.
769 1465 827 1525 ubi
849 1468 914 1532 vid.
935 1469 1055 1534 Morus.
1100 1470 1162 1535 St-

63 1555 197 1642 gnificat
211 1557 327 1628 omnio,
341 1575 540 1636 'quaecunque
551 1553 617 1632 quis
628 1553 839 1632 concupiverit,
863 1570 980 1616 nactum
993 1580 1069 1636 esse,·
1092 1554 1125 1618 h.
1137 1560 1161 1616 1.

63 1663 252 1727 quaecunque
267 1637 308 1698 od
318 1660 461 1698 summam
464 1634 645 1721 filieitatem
659 1634 843 1720 efficiendam
860 1639 1024 1724 conferunt.
1062 1637 1163 1791 (ρυοδ

65 1741 170 1786 antem
187 1721 285 1787 πάντα
303 1721 385 1781 dicit
399 1735 529 1794 auctor,
555 1739 652 1799 quum
671 1738 773 1777 tamen
790 1726 1010 1800 praecesserit:
1037 1752 1075 1789 κα
1110 1736 1166 1788 aa:

62 1811 100 1875 τὰ
121 1808 300 1889 μικρότατον
321 1808 447 1880 ἐνδέων,
477 1824 543 1862 non
568 1799 603 1859 id
624 1800 704 1860 mihi
727 1823 826 1904 aeque
849 1805 1006 1868 ridiculum
1028 1824 1093 1889 εκεῖ
1124 1828 1163 1870 ac

64 1896 188 1957 Belino:
210 1913 282 1951 nam
296 1911 361 1949 non
378 1892 452 1969 lego
465 1885 564 1948 πάντα
576 1886 642 1968 ἔχῃ,
667 1884 722 1946 ted
737 1912 834 1950 ncvrrt
855 1895 968 1955 πλείω
991 1894 1055 1976 ίχρ,
1081 1914 1164 1993 queo

66 1981 111 2038 ita
128 1988 205 2036 aunt
224 1974 326 2050 dicta,
350 1988 386 2032 ut
409 1973 533 2030 minimo
556 1971 664 2051 aliqua
686 1972 874 2049 parsetiam
899 1973 1005 2037 deesse
1027 1975 1163 2063 cognati

65 2061 177 2144 possit.
222 2058 292 2117 Imo
316 2076 393 2117 vero
413 2054 603 2116 Belinicnum
623 2049 660 2116 cci
679 2058 770 2120 πλείω
787 2053 965 2143 (plurimo)
984 2063 1051 2148 ἔχῃ,
1075 2057 1164 2144 quod

67 2148 162 2209 etiam
187 2141 390 2205 Schmiederus
410 2139 598 2220 adoptavit,
636 2139 835 2220 aliquantum
858 2143 954 2205 habet
974 2146 1141 2230 languoris
1152 2168 1168 2223 ‚·

65 2251 162 2316 quum
180 2228 220 2288 ob
239 2225 319 2286 illud
331 2227 435 2306 ipsum
458 2221 533 2288 nord
547 2217 726 2304 μικρότατον
741 2228 842 2305 major
865 2231 926 2307 jam
950 2229 998 2289 vis
1022 2230 1165 2313 requiro.

64 2331 133 2390 tur,
157 2333 249 2396 quam
266 2332 347 2393 quae
366 2307 500 2369 vocibus
522 2304 671 2371 adtritio
693 2307 787 2372 inest.
836 2309 982 2374 Ceterum
1006 2315 1173 2399 integrans

65 2400 150 2468 banc
165 2395 374 2457 sententiam:
397 2389 485 2476 dydo
498 2428 542 2441 -
554 2397 645 2457 πλείω
657 2394 707 2479 ἔχῃ
722 2395 960 2476 perspicuitatis
976 2398 1078 2482 gratia
1094 2420 1165 2479 par.

64 2482 231 2546 entheacos
255 2479 342 2539 notis
363 2476 530 2560 designare
550 2478 690 2559 placuit,
716 2499 814 2559 quum
840 2479 995 2543 Gesnerum
1018 2480 1172 2547 animari-²
1243 2488 1247 2495 '

65 2567 214 2630 verterim
231 2562 400 2642 sequentia
417 2560 568 2644 deinceps
586 2560 681 2622 verbu
697 2564 793 2622 nimis
807 2580 955 2629 contorte
976 2565 1166 2649 interprd'ta·

68 2668 137 2712 tum
155 2668 241 2711 estc:
265 2647 337 2708 Hoc
350 2669 417 2706 vero
431 2649 459 2705 si
471 2650 526 2720 sit,
551 2662 682 2722 nonest,
704 2646 852 2724 nondum,
874 2653 1010 2733 inquom,
1032 2668 1074 2712 est
1090 2651 1168 2713 bea-

67 2753 123 2796 tus.
168 2733 273 2793 Vertit
288 2733 416 2810 itaque,
441 2731 521 2788 acsi
538 2731 581 2789 ita
598 2728 834 2812 distinguatur:
859 2736 886 2796 εί
899 2737 930 2798 δέ
945 2743 1051 2814 τοῦτο,
1076 2744 1088 2810 (
1096 2737 1178 2799 tcil.'
1282 2736 1293 2753 '

66 2813 271 2899 destrictum)
287 2812 353 2896 οὐχὶ
375 2806 492 2878 οὐδέπω
510 2811 669 2893 εὐδαίμων.
715 2814 759 2873 At
779 2819 879 2899 vulgo
902 2820 1021 2879 rectius
1046 2818 1168 2880 distin-

69 2918 188 2987 guunt:
212 2903 239 2965 εἰ
252 2901 283 2964 δέ
296 2906 386 2962 τοῦτο
403 2892 466 2978 οὐχὶ
474 2944 484 2973 ,
509 2893 626 2963 οὐδέπω
640 2890 805 2976 εὐδαίμων,
829 2901 849 2963 i.
864 2922 889 2965 e.
904 2901 960 2963 hoc
970 2927 1038 2964 vero
1055 2901 1167 2988 (quod

69 2992 105 3048 in
121 2983 384 3046 antecedentibus
402 2985 455 3068 οἴῳ
467 2982 540 3064 μήτε
556 2991 716 3047 λυπεῖσθαι
737 3018 779 3032 -
800 2987 869 3066 βίον
886 2988 1069 3068 expositum
1084 2987 1169 3065 crat)

70 3075 97 3134 si
112 3073 237 3144 nonsit,
260 3067 389 3129 nondum
403 3067 502 3127 heatus
515 3067 638 3135 dicotur.
668 3067 756 3128 Hinc
770 3083 858 3151 patet
872 3090 1000 3149 caussa,
1026 3093 1082 3132 cur
1096 3090 1168 3153 par.
1262 3064 1283 3135 ⁵.

69 3153 218 3219 enthesin
243 3152 449 3213 instituerim.
496 3151 598 3235 Quam
621 3151 648 3212 si
666 3164 769 3215 tamen
792 3154 968 3261 improbet,
990 3178 1047 3238 per
1063 3156 1169 3218 moli.

69 3253 121 3388 ppt
136 3245 222 3302 τοῦτο
235 3237 331 3298 etiam
344 3257 362 3296 e
373 3235 520 3318 proxime
535 3234 745 3319 praecedente
758 3230 862 3322 ὐτελης
874 3241 1034 3323 explicare
1047 3242 1168 3318 τέλειος.

102 3345 188 3382 snm.

153 3400 504 3483 Εαᾶ.Ῑ.11.”Εξωτοῦ
525 3399 622 3473 οὐδοῦ
639 3407 723 3485 ἔστι)
757 3414 817 3488 Τῆς
841 3400 918 3472 δδοῦ
939 3406 973 3468 in
999 3408 1169 3488 omnibns,¹

68 3495 163 3557 etiam
181 3494 216 3551 in
237 3491 287 3551 M.
304 3505 336 3555 ct
358 3492 396 3550 L.
418 3493 553 3574 legitur:
576 3488 719 3553 absurde.
764 3490 847 3575 Quis
867 3493 952 3554 enirn
972 3511 1062 3555 extro
1087 3497 1169 3557 vium

70 3597 147 3640 stare
163 3603 227 3638 eum
242 3573 306 3634 dici
318 3574 415 3652 ferat,
439 3575 617 3721 qviswibut
628 3575 754 3639 adstat?
777 3574 939 3636 Audacter
952 3577 1060 3660 itaque
1076 3591 1168 3660 tepo-

70 3685 113 3721 no
129 3670 184 3726 τοῦ
198 3656 312 3735 οὐδοῦ,
333 3674 370 3720 ut
385 3677 472 3720 extra
503 3665 596 3736 imon,
621 3658 707 3739 quod
725 3660 770 3722 rei
788 3660 1167 3741 accommodatissimum,

70 3763 148 3806 stare
163 3749 223 3826 jam
240 3743 373 3803 dicatur.
417 3746 546 3805 Portica
562 3742 688 3827 quidem
703 3759 749 3803 eat
765 3767 830 3805 vox
847 3739 953 3822 οὐδδς,
977 3745 1031 3807 ted
1053 3747 1168 3809 Lucta-

70 3854 108 3890 πο
126 3829 301 3891 familiaria.
346 3827 398 3887 Sic
419 3829 472 3888 De
493 3831 593 3890 Mero.
621 3826 723 3890 cond.
741 3851 769 3892 c.
784 3837 835 3897 23.
858 3825 955 3893 πάντα
977 3831 1035 3914 γᾶρ
1057 3838 1167 3910 ταῦτα,

72 3913 106 3979 td
120 3915 222 3995 γένος,
244 3910 299 3991 τὴν
313 3913 501 3996 ἐλευθερίαν,
524 3911 595 3987 rodo
606 3907 792 3994 προγόνους,
817 3915 908 3997 Elii}
923 3920 1011 3979 Tor
1025 3920 1183 3981 OYAOY'

70 4001 262 4076 καταλείψων
277 3998 343 4060 dots
357 4012 417 4057 etc.
461 3998 553 4059 adde
575 4000 637 4058 Pro
658 3997 762 4059 Mero.
782 3997 885 4059 Coud.
910 4020 937 4061 c.
952 4005 983 4069 5.
999 4000 1051 4062 De
1065 4001 1165 4064 Dom.

69 4106 139 4166 cap.
157 4091 206 4151 18.
225 4094 257 4141 ct
269 4080 438 4146 Demosth.
454 4085 591 4147 Encom.
606 4101 633 4146 c.
650 4086 700 4148 49.
745 4081 868 4146 Eodem
885 4099 1073 4167 argumento
1092 4096 1182 4147 otc-¹

100 4187 213 4236 Luctare.
237 4179 298 4236 Vol.
318 4183 370 4234 W.
892 4168 956 4253 (ig
