2634 4680
168 296 243 369 698
439 226 1012 353 Αυπουπυιὶοισῃ

167 462 303 522 Garun.
346 454 436 514 Male
456 450 633 529 interpres,
656 448 709 529 qni
727 442 914 530 tyrannidem
935 444 1126 529 adfictarrtrr
1144 472 1163 509 e
1182 446 1280 513 mdia

166 544 300 607 tollebat.
355 536 435 611 Τοὺς
455 532 737 616 τυραννουμένους,
769 528 834 589 boe
857 546 925 604 cet,
958 532 1117 617 tyrannide
1139 549 1280 599 vexator.

166 632 313 692 Merrae.
362 620 439 696 Τούς
452 617 716 701 τυραννουμένους
731 612 888 683 ἐκκόπτων
901 636 974 675 cum
987 614 1019 677 J.
1034 616 1157 679 babere
1171 616 1222 679 Fi.
1236 618 1280 681 H.

167 730 201 776 et
217 714 251 774 S.
269 720 396 769 notarat
422 704 562 766 Solorius.
604 702 702 762 Forte
724 698 827 783 igitur
847 700 943 761 aliam
967 700 1130 783 quaesivit
1155 702 1281 765 lectio-

167 816 259 859 nem:
294 815 367 852 nem
388 790 532 851 Erasmus
554 799 709 859 verterat,
741 784 929 846 trauaidem
950 784 1157 871 efferantes,
1191 786 1279 871 qnod

167 903 236 942 non
254 875 369 950 video,
394 874 537 955 quicum
552 870 676 931 Graeco
692 807 792 929 verbo
814 884 993 953 congrum
1017 870 1098 959 quin
1110 880 1280 955 τυραννοῦ.

166 960 460 1111 111111ἕέ1
479 954 893 1122 trilaterae
907 953 1276 1123 diurnae

199 1073 259 1111 wll.
348 1088 355 1103 ·
427 1084 435 1101 ⁸
474 1090 481 1106 ο
560 1080 568 1098 ·
627 1088 635 1105 0

166 1140 223 1213 τῆς
242 1127 369 1203 πόλεως.
412 1062 534 1188 Irirum
556 1122 617 1185 XI.
638 1144 669 1204 p.
686 1130 761 1190 721.
786 1130 839 1192 23.
860 1136 893 1185 et
913 1122 1003 1184 alibi.
1048 1064 1274 1205 dandina&

169 1224 229 1293 16;
248 1224 277 1282 1.
301 1226 334 1273 et
358 1210 406 1271 sie
427 1209 546 1291 passim
569 1205 656 1289 apud
679 1206 771 1271 elios.
815 1205 877 1271 Sed
898 1206 1003 1269 medis
1025 1208 1133 1270 forms
1151 1209 1277 1293 accepit

166 1302 285 1365 Ernsm.
315 1293 551 1366 concederem,
580 1292 609 1353 si
631 1288 840 1374 οτυραννιᾶω
858 1292 1031 1353 formatum
1052 1308 1156 1373 eeeet,
1187 1292 1275 1377 qnod

167 1381 353 1472 tyrannidem
374 1377 494 1465 otlficw
513 1374 653 1459 signific.
697 1374 760 1438 Sed
784 1374 863 1459 quid
878 1378 907 1437 ei
926 1397 987 1477 ρῐο
1011 1374 1171 1445 ducimur
1190 1384 1273 1463 lege·

168 1491 239 1530 mus
256 1464 428 1550 lyurinrav,
451 1476 488 1521 ut
502 1460 723 1545 significetur,
747 1460 832 1521 lilius
846 1457 993 1522 subditos
1009 1462 1157 1544 arcebat,
1179 1466 1274 1549 iape-

170 1553 271 1615 diebot
282 1573 382 1611 eorum
396 1544 524 1609 consilio
531 1592 541 1625 ,
566 1560 598 1606 et
613 1545 660 1606 sic
676 1545 793 1607 melior
804 1547 866 1608 erit
878 1544 1036 1630 gradatio.
1081 1548 1191 1611 Verba
1205 1572 1276 1631 pro·

168 1640 256 1698 xime
275 1632 458 1718 sequentia,
483 1626 588 1705 ὅσους
609 1626 861 1714 ἐπιβουλεύοντας
876 1632 997 1713 φοβῶν,
1019 1630 1166 1695 Emesena
1178 1634 1272 1697 etiem

170 1720 350 1782 infeliciter
363 1714 560 1795 reddiderat,
574 1719 627 1799 qui
638 1715 765 1777 insidior
765 1714 971 1801 formidabat.
1000 1714 1063 1779 Sed
1079 1720 1174 1799 plura
1190 1722 1276 1801 ejus·

168 1803 259 1867 modi
276 1801 431 1887 juvenilis
452 1800 610 1863 versionis
631 1798 777 1883 τεκμήρια
797 1800 908 1859 insunt
928 1797 1008 1861 huic
1031 1800 1272 1879 dissertationi,

168 1911 262 1975 quum
277 1902 315 1948 ut
327 1887 448 1971 ubique
462 1906 499 1947 ea
513 1884 658 1947 iudicare
673 1907 755 1967 opus
770 1886 821 1945 sit.
845 1886 968 1945 Rnrrz.
988 1884 1106 1949 Reitzc'i
1119 1884 1273 1973 iyacimuv

167 1997 227 2037 nec
243 1994 325 2054 opus
340 1985 405 2047 est,
428 1990 488 2031 uec
502 1975 619 2052 placet.
658 1966 837 2035 Ἐκκόπτειν
848 1968 881 2031 11.
895 1972 919 2030 l.
931 1966 1045 2031 eodem
1060 1990 1180 2050 centu,
1204 1994 1269 2057 quo

166 2077 262 2140 cupre
279 2059 352 2119 Ver.
370 2055 458 2119 Hist.
470 2055 507 2130 I,
529 2061 583 2124 89.
601 2049 718 2130 πάντας
737 2052 836 2138 dodon
854 2050 1047 2138 ἐξεκόψαμεν.
1091 2056 1269 2145 Gredntio-

165 2166 239 2205 nem
255 2157 361 2204 eutem
380 2160 440 2223 ego
461 2162 504 2203 ue
527 2154 595 2201 tum
620 2140 749 2224 quidem
765 2141 800 2200 in
815 2138 848 2205 b.
867 2142 891 2203 l.
906 2138 1019 2221 video,
1042 2160 1144 2227 quum
1153 2141 1268 2229 legerit

163 2223 327 2313 iyndnrosv·
356 2227 479 2288 Lnnnr.

249 2310 329 2372 End.
344 2313 367 2372 1.
382 2314 413 2377 5.
442 2304 483 2373 ‘0
504 2305 578 2384 coeit·
597 2308 733 2393 insitione
760 2302 926 2392 dvncnoir)
952 2310 1020 2371 Vix
1041 2308 1180 2383 dubium
1204 2324 1266 2391 ett,

166 2392 344 2479 quiaillud
367 2415 467 2476 genus
490 2393 630 2476 injuriae
648 2410 795 2473 notetur,
820 2416 884 2480 quo
902 2394 1138 2457 adolescentuli
1150 2399 1204 2459 vel
1217 2418 1267 2457 ea.

164 2495 307 2541 strantur
323 2482 438 2559 plane,
459 2482 513 2542 vel
528 2478 636 2541 nervis
652 2496 735 2543 certe
753 2479 900 2543 convulsis
915 2494 972 2542 eut
986 2480 1140 2543 contritit
1153 2480 1195 2541 sd
1210 2502 1265 2567 ge·

163 2562 340 2627 necandum
362 2560 542 2623 redduntur
564 2563 741 2629 inhabiles:
764 2580 974 2647 tyrannorum
996 2574 1099 2649 opat,
1123 2564 1264 2651 quodab

163 2648 310 2713 Orientis
325 2648 454 2731 regibus
470 2646 622 2713 didicere.
667 2651 755 2711 Huic
772 2673 806 2711 re
823 2663 932 2731 aptum
945 2670 1014 2713 ecee
1029 2650 1161 2713 verbnm
1174 2658 1264 2739 σιῷ,

161 2734 290 2796 faciunt
307 2733 463 2817 spadones.
485 2730 562 2794 Vid.
582 2732 646 2794 viri
663 2732 751 2795 docti
767 2733 805 2794 ed
819 2739 840 2797 1.
859 2742 931 2805 128.
947 2732 988 2797 de
1003 2736 1043 2797 V.
1059 2734 1093 2799 S.
1139 2734 1202 2799 sed
1217 2750 1266 2801 ctt

161 2820 257 2882 etiam
282 2816 368 2902 apud
390 2815 464 2895 roric
485 2814 503 2884 ό
523 2818 621 2882 Levia.
645 2818 763 2897 XXII,
782 2827 835 2887 24.
859 2815 1110 2904 ἀπεσπασμένον,
1132 2810 1265 2905 tespbn·

161 2904 238 2966 dene
253 2912 296 2991 τῷ
310 2920 401 2983 nrt),
416 2919 512 2988 atquc
527 2910 570 2989 τῷ
581 2909 694 2989 &lodice
715 2918 747 2967 et
760 2906 980 2993 ἐκτεθλιμμὲνςο
993 2908 1159 2993 οῑέντομίμ
1169 2910 1263 2989 lunc·

159 3004 239 3053 tum.
281 2988 391 3050 Habet
414 2983 597 3064 α’ποσπᾶδας
618 2989 745 3068 Suidas,
766 2989 838 3066 τούς
851 2986 1122 3073 ἀποσπασθέντας,
1143 2990 1264 3075 quibet

158 3074 268 3156 jungit
290 3070 524 3149 ἆποσπᾶὃοντας
545 3070 617 3150 τούς
637 3070 856 3153 ἇποκοπέντας.
902 3074 996 3159 Quae
1015 3096 1088 3135 eum
1110 3075 1159 3137 ita
1181 3074 1264 3155 tint,

157 3156 328 3241 legendum
355 3171 435 3239 puto
460 3152 478 3223 (i
499 3154 573 3233 τούς
594 3154 916 3243 ἐφήβουςαποσποῖν,
939 3174 973 3222 et
991 3159 1204 3241 vertendum,
1224 3174 1264 3223 ut

158 3242 273 3324 posui,
300 3256 402 3325 utque
424 3243 565 3305 Erasmus
580 3246 642 3326 jam
664 3244 833 3327 potuerat,
866 3264 973 3327 aquo
994 3244 1174 3307 diecentum
1195 3266 1262 3307 non

158 3327 316 3407 oportuit.
361 3327 502 3410 Quodsi
517 3320 661 3411 ἇναοπᾷν
678 3328 790 3392 eodem
806 3328 903 3392 modo
918 3328 1023 3411 accipi
1037 3350 1133 3411 poste
1148 3327 1263 3393 doceat

158 3410 297 3494 aliquis,
319 3413 500 3474 mutatione
516 3416 611 3494 plane
626 3436 707 3497 opus
723 3436 789 3477 non
804 3414 912 3476 fuerit.
953 3414 1069 3501 Neque
1083 3428 1210 3493 temen,
1233 3411 1261 3477 ei

158 3495 214 3555 eui
236 3495 298 3558 ieta
320 3495 529 3578 displiceant,
553 3499 758 3561 vehementer
779 3500 1045 3585 repugnaverim,
1067 3498 1097 3560 ei
1119 3494 1261 3587 ἆνασπᾷν

156 3580 296 3642 retinere
310 3581 409 3659 velit,
432 3595 465 3643 et
475 3581 680 3665 interpretari
694 3585 881 3662 contradere,
903 3584 963 3645 cibi
975 3582 1154 3669 adjungere,
1175 3586 1261 3671 qnasi
1283 3637 1286 3659 ,

156 3690 288 3743 aureum,
302 3668 335 3728 in
348 3690 445 3729 arcem
458 3691 559 3739 suam,
575 3670 698 3730 trahere.
721 3672 826 3734 Gerr.
851 3702 855 3715 ·
870 3670 961 3731 Haec
974 3666 1064 3729 haud
1081 3667 1180 3733 dubie
1193 3689 1258 3733 11011

156 3750 224 3808 fuit
240 3751 381 3810 auctoris
398 3773 503 3830 mens,
527 3751 582 3813 sed
595 3754 649 3814 illa
666 3756 795 3836 potius,
820 3775 914 3839 quern
936 3752 1082 3817 Geren-ne
1095 3768 1189 3817 auten
1205 3776 1259 3818 ex·

157 3851 321 3914 posuerat.
368 3836 461 3898 Unde
477 3859 549 3897 eum
564 3859 603 3900 eo
616 3842 719 3923 legam
733 3836 898 3918 decennia,
920 3852 954 3901 et
964 3836 1139 3901 teriberem
1150 3838 1257 3919 etiem,

157 3917 222 3978 nisi
238 3940 347 3981 omnes
365 3920 491 3981 libriin
508 3917 652 3989 dveonoiv
667 3925 898 3989 consentirent.
929 3922 1050 3989 Lana.

186 4002 397 4157 ‚affingere
410 4012 492 4075 1.11.
518 4004 584 4090 ot)
604 4010 656 4071 la
671 4013 755 4074 Mn.
770 4014 874 4098 περς.
889 4014 984 4081 2954
998 4014 1142 4083 teron,
1163 4010 1260 4097 vulg.

158 4113 195 4153 011
232 4135 237 4147 ·
289 4112 332 4150 11².
