2634 4680
213 299 355 346 ·ru
408 252 985 342 runnuu'rcr'ossi.
1116 273 1191 346 709

90 444 143 507 uui
164 438 246 525 παρὰ
266 439 321 522 τὴν
338 443 508 505 τελευταίαν
527 441 645 520 ἐκείνην
665 441 773 521 στύψιν
785 436 1007 523 κατηνάγκασα.
1052 437 1191 502 Videtur

92 528 216 608 aliquid
238 525 460 600 intercidisse,
489 525 640 591 nimirum
654 529 705 590 καὶ
720 541 795 606 post
809 546 920 586 vocem
935 521 1063 608 χρόνων.
1109 524 1191 587 Om-

89 617 142 672 nia
159 616 257 694 itaque
272 610 423 671 cumulata
436 613 463 669 ei
478 596 675 692 circumdedi,
701 626 839 670 naturam
853 607 1005 692 (στοργήν
1024 608 1167 690 icilicet)
1176 659 1186 688 ,

90 696 236 771 dolorem,
261 696 503 777 desperationem,
526 711 649 771 metum,
673 713 832 776 temporum
845 699 1076 755 insecuturorum
1085 695 1188 758 horro-

89 805 151 855 res,
174 797 201 840 et
216 780 451 862 auxiliareribus
471 783 502 840 in
518 804 582 839 eum
604 805 673 840 usus
685 805 750 841 sum
758 828 767 855 ,
790 796 879 862 atque
892 779 936 843 od
949 796 1112 840 extremum
1130 780 1188 843 ltoc

88 863 382 946 consilium-perpuli.
426 860 588 944 Interpres
607 886 675 925 non
694 869 775 924 male
797 865 962 944 supplevit
979 862 1112 940 τούτοις,
1142 864 1188 926 his
1254 900 1257 913 ·

87 949 228 1008 aduersus
243 948 329 1008 illum
344 948 471 1009 auxiliis
488 974 558 1009 usus
573 972 647 1009 sum.
691 950 732 1010 In
748 947 895 1010 editione
909 949 1099 1014 Florentiae
1114 963 1190 1032 post

86 1055 199 1094 vocem
216 1030 384 1114 μςλλὸνιων
404 1032 514 1093 hiatus
529 1049 595 1104 est,
619 1050 652 1094 et
671 1033 751 1094 duae
775 1053 871 1113 voces
893 1047 1062 1115 sequentes
1088 1035 1192 1094 omis·

86 1139 151 1189 sae3
177 1117 264 1199 quod
278 1133 466 1200 argumento
482 1132 540 1192 est,
563 1117 727 1197 codicem,
751 1139 816 1202 quo
832 1111 1017 1183 Florentini
1032 1118 1084 1179 usi
1101 1132 1189 1198 sunt,

85 1223 124 1263 eo
138 1206 212 1263 loco
230 1224 264 1263 se
278 1208 359 1264 male
373 1201 533 1269 habuisse.
555 1202 650 1266 Jerts.

169 1370 251 1433 ibid.
269 1366 350 1435 Ἐπ’
367 1369 482 1447 αὐτὸν)
509 1369 634 1449 Τούτοις
650 1369 704 1433 hic
722 1372 895 1436 desiderari
910 1374 1056 1449 videtur,
1078 1375 1188 1456 legen.

86 1452 243 1539 dumque,
273 1453 391 1531 τούτοις
414 1456 463 1522 ἐντ’
487 1455 581 1522 abab
602 1455 783 1540 ἐχρησάμην.
817 1461 952 1523 Gurur.
997 1461 1110 1525 Parum
1128 1457 1189 1518 ebs·

86 1540 169 1614 fuit,
194 1542 276 1624 quin·
288 1541 370 1601 illud
385 1540 505 1619 τούτοις
520 1558 594 1604 ante
608 1537 658 1608 ἐπ’
676 1544 710 1602 in
725 1559 913 1611 contextum
926 1543 1116 1624 receperim
1140 1543 1188 1604 na

86 1624 122 1683 id
138 1624 217 1683 mihi
238 1631 452 1688 necessarium
467 1627 607 1690 videtur.
652 1628 696 1688 At
711 1644 820 1710 potest
834 1634 896 1711 jam
906 1652 944 1691 eo
956 1629 1027 1706 nti,
1052 1627 1110 1710 qui
1123 1648 1188 1690 vo-

85 1711 194 1771 luerit.
240 1713 354 1796 Neque
369 1714 537 1795 quisquam
553 1713 636 1773 vitio
653 1727 770 1784 vertat,
796 1713 1000 1796 quotltamen
1018 1734 1094 1777 mox
1108 1709 1189 1795 τσρός

85 1815 147 1874 pro
165 1795 246 1880 παρύ
261 1811 293 1857 et
307 1800 376 1877 περὶ
390 1820 430 1858 ex
444 1796 556 1857 eodem
572 1799 765 1878 receperim:
793 1798 828 1856 id
846 1799 931 1858 eninr
946 1800 1084 1875 factum,
1109 1799 1197 1878 quia,

84 1899 136 1938 res
158 1879 229 1962 ipsa
249 1885 460 1962 loquebatur,
490 1881 587 1942 etiam
605 1882 676 1941 sine
700 1881 856 1942 Codicum
880 1904 943 1963 ope
957 1883 1187 1965 siocorrigen-

86 1960 180 2041 dum3
203 1983 268 2024 tum
285 1969 361 2047 quia
377 1987 436 2027 nec
449 1968 580 2046 vulgata
594 1967 692 2027 lectio
706 1964 769 2027 'sibi
782 1967 967 2048 constabat3
991 1987 1073 2050 quae
1085 1987 1187 2050 quan.

87 2046 129 2105 do
152 2067 304 2111 constans
328 2066 393 2126 est,
426 2051 532 2109 minus
557 2052 653 2111 facile
679 2051 846 2112 movenda.
891 2053 1055 2127 Ceterum,
1086 2050 1184 2111 sicui

87 2133 196 2193 minus
214 2134 339 2196 adridet
354 2134 435 2195 illud
450 2137 519 2207 καὶ,
544 2135 630 2217 quod
646 2137 724 2196 Jens.
743 2153 817 2217 post
839 2136 957 2220 χρόνων
973 2135 1072 2196 inseri
1093 2141 1185 2214 vult,

85 2233 241 2295 punctum
257 2221 363 2279 miuus
378 2235 453 2302 post
467 2219 501 2280 id
516 2221 706 2280 vocabulum
723 2236 838 2302 ponat,
861 2238 893 2283 et
906 2224 1035 2283 sicsine
1049 2222 1100 2284 καὶ
1114 2241 1185 2280 seu.
1202 2221 1207 2227 ’

86 2321 140 2360 sus
154 2305 231 2363 satis
250 2320 392 2382 constat,
415 2306 472 2389 qui
488 2320 594 2366 tamen
611 2310 662 2367 vel
677 2330 745 2366 cum
763 2305 1108 2373 commate‘tolerabilis
1125 2318 1183 2367 est.

84 2386 209 2449 Rurrz.
255 2391 355 2450 Nulla
373 2393 438 2452 loci
455 2391 620 2471 depravati
638 2392 772 2453 sanandi
788 2393 870 2454 ratio
891 2392 1024 2454 omnino
1037 2391 1117 2450 mihi
1133 2411 1186 2450 sa-

86 2471 235 2539 tisfacit.
281 2477 363 2536 Nam
384 2493 420 2535 ut
436 2481 533 2558 vulgo
555 2482 708 2560 leguntur
726 2477 839 2559 verba,
870 2500 937 2539 non
961 2476 1096 2558 possunt
1118 2495 1186 2539 uon
1265 2482 1268 2493 “

87 2557 266 2635 offendere,
292 2562 443 2640 quoniam
459 2581 525 2620 non
540 2567 642 2620 solum
656 2567 771 2645 copula
787 2561 884 2638 deest,
911 2584 992 2646 quae
1006 2560 1185 2622 necessario

87 2656 161 2700 ante
177 2643 272 2702 verba
289 2641 337 2706 ἐπ’
353 2639 445 2706 αύτόν
458 2644 719 2725 exspectabatur,
741 2667 844 2727 neque
862 2647 939 2706 huic
954 2647 1086 2725 inopiae
1102 2664 1187 2705 cont·

85 2743 169 2787 mate
186 2730 237 2785 vel
254 2728 367 2807 majori
382 2727 655 2806 interpunctione,
675 2744 712 2788 ut
728 2730 834 2788 voluit
848 2730 992 2806 Reitzius,
1016 2751 1122 2811 neque
1138 2743 1186 2788 ta-

87 2834 159 2872 men
182 2811 280 2888 fecit,
316 2810 460 2871 adhibita
481 2813 624 2870 succurri
644 2812 722 2872 satis
747 2822 870 2891 potest,
908 2813 964 2874 sed
985 2814 1111 2874 etiamsi
1133 2815 1186 2886 uqi
1258 2858 1262 2867 .

87 2920 158 2958 cum
175 2895 274 2959 Jensic
288 2896 479 2973 inserueris,
500 2900 531 2961 oi
543 2893 690 2977 σύμμαχοι
704 2897 761 2978 qui
777 2897 861 2971 sint,
892 2898 1027 2959 nonnisi
1050 2898 1185 2979 conjici.

87 2982 171 3044 endo
188 2983 374 3064 assequaris.
420 2980 488 3043 Jam
504 2981 564 3042 etsi
580 3003 651 3040 cum
671 2979 781 3061 Guyeto
803 2981 962 3058 τούτοις
982 2982 1185 3059 praemiserit

87 3067 194 3128 verbis
208 3061 259 3130 ἐπ’
271 3061 378 3142 αὐτὸν,
403 3086 496 3145 quam
510 3067 667 3129 rationem
686 3065 828 3130 Gesnerus
841 3068 1031 3150 praetulisse
1044 3068 1185 3144 videtur,

86 3173 215 3225 vereor,
239 3174 280 3212 ne
296 3154 452 3211 articulus
474 3166 549 3212 ante
563 3147 728 3232 συμμάχοις
746 3152 853 3214 minus
878 3167 964 3213 recte
987 3154 1032 3212 sit
1046 3148 1195 3233 positus,

86 3236 275 3318 Cogitabam
296 3236 336 3296 de
357 3235 508 3297 mutanda
530 3257 611 3297 voce
632 3239 779 3317 ἐπέστησα
795 3234 1021 3317 iniuratique,
1047 3251 1084 3297 ut
1100 3251 1187 3300 certe

83 3323 251 3382 vinculum
272 3319 406 3403 aliquod
427 3321 658 3384 sententiarum
682 3319 868 3384 efficeretur.
913 3323 1032 3384 Verum
1054 3344 1114 3382 nec
1137 3322 1186 3383 sic

85 3406 174 3466 omni
191 3428 232 3466 ex
252 3420 342 3487 parte
362 3404 443 3463 mihi
458 3406 656 3465 satisfactum
675 3407 793 3468 sentio.
836 3409 967 3482 Restat,
994 3409 1086 3467 utin
1107 3406 1186 3465 uui·

82 3512 176 3550 verso
190 3490 256 3549 loci
271 3511 383 3564 sensu,
410 3492 466 3571 qui
483 3511 548 3549 non
567 3504 616 3550 est
633 3490 803 3569 obscurus,
827 3492 1086 3574 acquiescentes,
1109 3511 1187 3552 ver-

84 3576 122 3635 ba
150 3573 305 3655 quaedam
332 3574 460 3655 singula
485 3579 537 3635 vel
557 3591 705 3655 corrupta
728 3573 922 3654 babeamus,
955 3578 1008 3636 vel
1028 3575 1186 3636 minutam

82 3674 257 3720 statuamus
277 3663 422 3722 lacunam
441 3657 619 3740 quandam,
652 3664 744 3739 cujus
761 3661 899 3745 vestigia
923 3659 1000 3721 satis
1021 3663 1187 3721 luculenta

83 3744 198 3804 Editio
213 3744 387 3804 Florentino
402 3742 553 3804 ostendit.
599 3744 823 3823 Conjecturis,
856 3767 939 3835 quae
954 3743 1041 3807 varia
1057 3745 1111 3813 via
1128 3767 1188 3808 ex·
1234 3812 1240 3823 Ι

84 3828 220 3912 cogitari
235 3829 380 3911 possint,
405 3827 572 3909 indulgere
587 3827 734 3889 nolebam
744 3876 753 3905 ,
778 3850 875 3912 quum
889 3833 1009 3897 nullam
1026 3830 1187 3916 intellige·
1214 3892 1221 3900 s

84 3937 147 3973 rem
164 3915 242 3973 satis
257 3913 347 3973 firmo
366 3910 578 3973 fundamento
597 3913 708 3978 fulciri
724 3934 828 3992 posse.
875 3913 984 3998 Quare
1000 3916 1096 3977 etiam
1112 3937 1187 3977 sus·

85 4013 212 4080 pactum
227 3999 309 4059 illud
326 4001 391 4071 ἕιιὶ,
414 4016 553 4078 proquo
570 3995 633 4058 boo
644 3996 785 4079 ,quidem
801 4005 875 4061 loco
891 4020 958 4060 non
975 4002 1053 4061 satis
1065 4000 1187 4083 proba·-

85 4084 195 4149 biliter
225 4087 266 4148 ἔτι
296 4081 466 4144 substituit
496 4080 643 4160 Salanus,
680 4081 834 4146 hactenus
860 4084 1065 4148 retinendum
1096 4084 1187 4148 duxi.
