2634 4680
325 299 363 344 ru
391 293 517 343 vsusu
546 295 906 350 nursinensis.
1081 280 1157 353 687

148 441 226 505 isid.
251 441 468 517 Διασωθέντα)
491 441 603 501 Utitur
618 440 670 500 bis
688 441 821 505 Lucisni
836 443 941 506 verbis
959 445 1024 512 Ios.
1039 445 1155 509 Eloner.

63 529 102 589 sd
118 530 220 609 Epist.
237 529 316 590 Pers.
332 527 403 607 111,
418 533 469 592 20.
494 547 559 610 quo
584 524 712 607 probet,
736 531 925 608 διασωθῆναι
945 531 1094 612 usurpari
1115 529 1158 595 de

63 640 120 693 eo,
141 615 196 699 qui
216 618 324 673 salvus
338 611 373 670 iu
395 612 536 692 aliquem
556 613 663 672 losum
684 613 848 691 pervenit,
871 614 892 676 i.
907 635 933 678 e.
951 636 991 677 ex
1008 616 1156 697 periculo

63 706 115 763 vel
135 698 303 781 naufragio
320 708 463 757 servatus
486 708 552 768 est;
581 708 620 754 ut
633 695 743 758 Actor.
759 694 875 774 XVII,
892 705 945 766 44.
965 702 1158 784 ἃιασωῆνα.

60 789 107 851 ἐντὶ
120 780 176 866 τὴν
194 792 269 867 γῆν,
293 780 419 862 triaque
431 780 493 838 alia
510 778 696 840 testimonis
715 777 866 858 adducit,
887 802 970 863 quae
986 806 1052 845 nou
1064 792 1153 866 repe-

61 887 143 946 tam,
167 889 225 928 nee
240 863 384 948 augebo,
408 863 485 947 quis
504 859 589 927 bane
602 861 874 948 significationem
890 865 1013 950 ubique
1028 869 1156 931 obviam

60 955 149 1016 novi.
169 954 293 1013 Rsrur..

59 1143 79 1202 S
145 1053 223 1135 Peg.
240 1055 312 1153 399.
336 1055 359 1114 1.
378 1058 407 1118 1.
437 1046 631 1137 Τηλεγόνου)
660 1050 757 1114 Couf.
782 1050 861 1114 infr.
890 1049 930 1114 de
949 1051 1029 1119 sut.
1051 1008 1155 1126 md.

84 1161 185 1201 ΟΜΝ.
746 1156 749 1161 ’

144 1220 221 1284 Eud.
238 1226 261 1283 1.
278 1229 309 1288 7.
322 1217 459 1307 ’Όμηρος
474 1218 560 1305 εἷπε)
582 1220 701 1304 Odyss.
717 1227 762 1299 E,
778 1180 830 1290 87.
861 1221 989 1285 soria.

145 1340 224 1405 Eud.
237 1343 259 1402 1.
273 1348 302 1409 9.
322 1337 518 1419 Ἐαελὲξατο)
539 1339 741 1401 Iuomnibus
754 1340 847 1401 libris
863 1339 985 1403 uostris
1002 1351 1071 1402 eret
1081 1333 1155 1408 sius.

61 1433 172 1508 δέξατο,
184 1425 271 1508 quod
284 1449 355 1487 cum
368 1425 447 1487 ferri
458 1447 525 1486 non
539 1423 654 1506 possit,
668 1424 715 1484 sie
729 1424 932 1490 mutavimus.
954 1421 1040 1487 Vide
1051 1424 1157 1488 Dian:

60 1519 159 1578 Mart.
174 1512 213 1574 V.
234 1525 266 1572 et
281 1509 403 1571 Anach.
418 1531 443 1575 e.
461 1517 512 1579 21.
557 1509 709 1590 Suspicor
722 1522 828 1571 tamen
836 1555 848 1584 ,
870 1509 972 1571 fuisse
988 1508 1155 1573 sLues'urso

59 1600 215 1682 scriptum
227 1593 403 1673 ὖπελὲξατο,
426 1606 463 1654 ut
475 1594 590 1681 fartim
602 1593 640 1651 ab
656 1613 693 1654 ea
710 1592 816 1657 lectum
830 1586 998 1678 epistolarii
1014 1606 1152 1657 notaret.

60 1684 120 1746 Sed
137 1682 213 1765 quia
231 1701 296 1742 vox
309 1702 345 1741 ea
360 1703 377 1740 a
392 1683 501 1753 nullo,
526 1675 612 1762 quod
628 1674 757 1760 quidem
773 1678 886 1755 seiam,
904 1677 1155 1763 Lexicogrspbo

62 1771 226 1830 observata
243 1780 306 1843 est,
329 1763 460 1824 necubi
476 1760 562 1845 opud
577 1761 657 1821 alios
671 1776 817 1825 auctores
831 1776 993 1845 susurret,
1013 1763 1156 1909 ipsusn-

61 1849 258 1922 notaverim,
281 1870 349 1911 eam
368 1846 404 1906 in
426 1860 548 1908 textum
570 1845 711 1927 recipere
730 1868 796 1909 nou
812 1867 1004 1909 sumsusus.
1051 1852 1155 1915 ossi.

58 1935 266 2017 Ὗιτεὸἑξατο)
291 1930 379 2016 Quid
393 1930 456 1991 sibi
472 1929 552 1990 velit
571 1925 733 2007 ὑπεδέξατο
746 1953 765 1991 a
789 1932 822 1993 vi
837 1930 928 1995 verbi
943 1932 1031 2017 ἔλαβε
1045 1929 1156 1995 diror-

60 2046 147 2098 sum,
169 2040 234 2078 nou
260 2013 524 2101 comminiscebsr
548 2013 653 2089 aliud,
680 2037 775 2098 quam
801 2015 888 2099 quod
907 2017 943 2076 iu
965 2014 1159 2101 interprete·⁴

62 2109 152 2167 tione
173 2101 314 2185 expressi
339 2105 391 2178 (in
412 2104 507 2167 sinum
526 2097 725 2182 reposuisset).
769 2100 959 2184 Cogitabam
976 2100 1091 2179 etism,
1112 2098 1158 2173 ab

60 2188 218 2265 ὖπελὲξατο
232 2187 297 2246 vim
314 2183 429 2269 legendi
440 2182 558 2243 habere
578 2183 714 2263 posset?
739 2184 827 2268 quod
840 2184 926 2247 nibil
939 2184 1008 2248 fere
1024 2182 1062 2247 ab
1078 2188 1157 2248 alte·

60 2299 97 2339 ro
114 2276 172 2336 illo
184 2266 344 2350 ὑπεδέξατο
351 2269 448 2330 distat
462 2267 600 2328 in'MSS.
624 2268 796 2354 Vulgarum
815 2268 944 2354 quidem
959 2264 1052 2353 illud,
1087 2266 1156 2334 ostss'

58 2386 148 2447 quam
172 2356 325 2443 epistolum
348 2356 461 2437 accepit
482 2368 510 2413 et
531 2351 668 2432 admisit,
698 2376 765 2417 non
788 2350 1045 2440 intelligebam·
1082 2372 1159 2429 esst,

61 2447 205 2508 Solarium
225 2441 329 2503 secuti
352 2438 568 2520 rescripsimus
592 2439 761 2518 ἐπελέξατο·
791 2440 844 2523 oui
860 2438 1081 2503 emendationi
1095 2437 1160 2502 etl-¹

61 2531 259 2609 stipulantur
283 2526 365 2587 Mos.
394 2525 496 2606 Regg.
515 2526 609 2592 2954.
632 2539 665 2585 et
685 2532 779 2594 8011.
827 2523 966 2608 Vulgata
990 2516 1157 2605 ’ὖιιεδέξαὶα

62 2618 188 2672 nullum
202 2609 236 2672 h.
252 2614 274 2674 l.
287 2629 414 2670 sensum
432 2604 538 2668 habet.
583 2608 668 2667 Mox
687 2622 763 2689 post
783 2600 874 2674 ὁποῖα
893 2629 935 2670 ex
947 2607 1061 2671 iisdem
1074 2608 1156 2676 Μαι.

60 2689 220 2759 edidimus
239 2717 280 2758 ss.
325 2690 443 2750 Aberat
469 2689 554 2750 enim
578 2690 616 2750 ab
639 2690 724 2752 Edd.
755 2690 831 2767 Bru.
877 2691 982 2767 ‚Adest
1001 2686 1160 2755 stiam'iu'

61 2777 164 2840 Codd.
183 2778 268 2862 Aug.
285 2788 318 2838 et
338 2775 427 2838 Gorl.
446 2786 530 2834 recte
553 2773 664 2856 itaque
680 2776 753 2860 Rip.
774 2789 810 2848 st,
828 2775 928 2841 sitm.
945 2772 1154 2842 admiseruirt.

59 2865 124 2925 Hic
140 2862 236 2924 etiam
260 2858 400 2921 correxit
416 2852 525 2935 ὁποία,
550 2879 647 2939 quum
662 2859 697 2919 in
714 2859 866 2920 omuibus
884 2858 1047 2942 prioribus
1063 2852 1161 2927 instas

60 2948 214 3031 seriptum
238 2959 328 3008 esset.
382 2941 444 3004 Sed
463 2939 624 3021 ὑπεδέξατο
643 2942 751 3028 neque
770 2943 814 3004 id'
826 2942 1008 3037 significare
1026 2944 1158 3039 Pi’ti'ii'

61 3031 150 3117 quod
167 3030 310 3093 Gesnerus
321 3042 354 3091 et
364 3027 540 3089 secuudum
556 3049 628 3091 eum
642 3027 827 3091 Wielondirss
838 3041 1081 3112 expresserunt3
1093 3034 1159 3092 me:
1287 3096 1291 3101 Ι

59 3140 132 3197 que,
155 3116 183 3176 si
196 3130 320 3196 posset,
342 3108 503 3174 sufficeret
518 3108 557 3172 ad
572 3115 699 3193 plenam
716 3111 914 3176 efficiendam
928 3113 1156 3177 narrationem:

59 3204 152 3285 Quae
171 3201 256 3259 enim
279 3211 473 3277 sequuntur,
504 3198 583 3278 poni
608 3197 736 3280 jubent,
768 3196 909 3282 Calypso
931 3198 1066 3283 legisse,
1087 3196 1159 3261 ndu

57 3282 288 3359 recondidisse,
305 3281 432 3363 Ulyssis
448 3280 626 3364 epistolam.
662 3285 751 3346 Bene
765 3285 874 3369 itaque
890 3286 1072 3367 suspicatus
1087 3278 1160 3345 s'r'd't

59 3370 189 3432 Solonio
202 3367 372 3452 legendum
393 3366 568 3444 iniiegoro,
583 3364 680 3450 idque
704 3367 800 3429 etiam
821 3372 990 3455 plusquam
1008 3364 1159 3449 probabis

55 3457 144 3531 liter,
168 3474 266 3535 quum
287 3449 493 3514 confirmetur
515 3455 701 3534 conjecturs
719 3450 877 3515 Codicum
890 3453 967 3514 satis
980 3450 1154 3514 multorum

58 3539 258 3601 auctoritate.
282 3538 401 3598 Lenis.

145 3657 396 3738 Pag.31o.1.3.
426 3651 597 3732 Καιιόιιτος
616 3661 673 3722 τοῦ
692 3651 885 3741 πνεύματος)
905 3657 960 3723 Sis
984 3652 1154 3740 Usaeydid.
1256 3645 1260 3653 ¹

58 3741 124 3815 VI,
142 3749 171 3809 2.
193 3737 349 3814 κατιόντος
360 3747 420 3804 τοῦ
440 3736 554 3821 α’νέμοιι
575 3736 651 3822 τάχα
668 3737 709 3806 ris
729 3741 825 3809 dissei
838 3741 934 3819 ἄλλως
955 3734 1157 3818 seriosissi-

58 3844 175 3899 σαντες.
207 3825 285 3887 ,Ubi
303 3823 436 3887 Dukerus
449 3823 571 3902 docet,
584 3821 698 3908 ἄνεμον
711 3825 855 3895 κατιόντα
873 3849 941 3890 esse
956 3839 1089 3889 ventum
1100 3824 1156 3886 in-

57 3909 324 3987 crebrescentem,
347 3906 523 3990 etquidem
546 3929 564 3969 e
586 3923 675 3992 tergo
690 3925 802 3974 euntes
818 3924 1082 3995 prosequentem,
1104 3906 1153 3979 id·

59 4014 122 4074 que
143 3992 207 4054 hoe
222 3994 353 4056 Lucioni
373 3993 510 4076 aliisque
531 3992 726 4055 testimoniis
750 3996 866 4076 probat
885 4011 996 4060 ooutrs
1016 3992 1157 4071 Vallum„

58 4076 117 4159 qui
130 4075 169 4140 de
178 4093 261 4141 vento
273 4096 397 4161 ponente
402 4081 497 4161 plane
508 4078 670 4150 contrario
683 4077 780 4142 modo
794 4082 1010 4147 intellexerat.
1025 4079 1150 4153 Rssss.
