2634 4680
351 303 391 351 ιιι
415 300 545 352 vunan
572 300 774 351 ιιιιιοιιιιιι
800 302 869 350 ιιι.
898 304 924 357 ι.
1107 268 1184 360 649
1299 320 1305 334 =

170 449 249 511 aad.
263 453 283 510 l
296 453 328 517 8.
352 450 413 513 rtet
425 449 533 514 ὅόκλεθ
533 447 608 532 ρος)
630 445 777 509 Intendit
789 446 1005 530 significatum
1022 448 1104 510 illud
1120 455 1182 523 eet,

84 534 184 595 immo
201 531 442 595 admirationem
458 531 616 613 quendam
631 530 741 608 addit,
764 544 802 590 ut
815 533 971 593 Latinum
985 535 1040 598 vel.
1084 536 1135 596 Ita
1150 551 1185 598 et

83 620 185 700 Long
205 621 291 679 Post.
315 627 347 687 3.
370 638 403 699 p
420 623 491 685 127
512 615 575 680 Ed.
589 616 740 723 Jungenn.
755 617 874 702 &opaci
897 615 1052 694 πλούσιος.
1094 620 1182 683 Ibid

85 725 196 765 versus
218 702 272 768 fin.
292 710 426 800 κρεῖττον
446 703 496 767 καὶ
512 706 627 784 χρυσοῦ
647 699 743 783 μήλου
762 707 885 782 φίλημα.
907 702 1030 770 Rasna.
1073 705 1112 765 Ιιι
1131 727 1185 768 so·

85 786 261 869 quentibus
277 785 391 847 band
382 801 492 867 inepte
506 785 629 848 Belinus
643 786 795 866 opinatur
813 784 902 867 carpi
921 785 959 845 ab
974 776 1105 850 auctore
1119 791 1184 849 Bu·

84 871 254 953 cephalum
275 868 453 933 Alexandri
473 885 506 931 et
529 868 863 954 Artybiiequumap.
883 868 1032 936 Emtae.
1047 874 1095 953 V,
1112 882 1184 942 111

81 955 203 1018 Lana.

170 1039 250 1102 Eud
264 1043 287 1100 1.
306 1048 356 1109 13.
372 1034 622 1145 Ἀεροκόρδακες)
636 1037 797 1121 Interpros
811 1051 967 1143 sequutus
981 1039 1189 1127 estAnglica.

85 1144 165 1184 num
183 1123 292 1186 cod.
282 1145 317 1184 ιιι
333 1145 398 1206 quo
413 1119 634 1206 Ἀεροκόρακις.
655 1125 790 1187 Bonan.
830 1116 1046 1209 Αεριικιιρακις
1061 1143 1186 1207 praeter

85 1208 126 1273 A
141 1210 175 1269 P.
192 1225 225 1270 et
239 1206 301 1270 Ed
318 1209 400 1273 Just.
414 1223 552 1269 etvetus
569 1209 724 1290 interpres
738 1206 897 1279 Latinus
928 1224 961 1272 et
976 1231 1122 1293 quamvis
1136 1235 1185 1273 res

87 1292 188 1353 nihili
211 1307 277 1370 est,
308 1292 437 1355 videtur
454 1293 588 1355 omnino
604 1291 684 1353 been
699 1293 799 1352 lectio
817 1291 971 1375 genuina.
1014 1292 1099 1356 Edd.
1113 1297 1187 1356 reli·

89 1398 172 1458 quae
184 1373 423 1461 Αεροιιορόακες
446 1378 575 1442 sonis.
614 1371 833 1479 Αεροκορακες
827 1376 949 1439 Aldus
962 1370 1075 1454 babet
1099 1380 1188 1461 quod

88 1465 141 1521 vel
164 1462 238 1523 ideo
258 1462 339 1523 mibi
362 1461 399 1522 iit
418 1461 600 1543 probabile,
638 1459 726 1545 quod
755 1456 866 1541 κόραξ,
905 1486 1026 1539 coruus,
1063 1483 1187 1527 sacrum

88 1545 238 1625 Phoebo,
262 1546 295 1607 id
317 1562 380 1622 est,
413 1548 480 1608 Soli
502 1562 673 1646 cognatum
696 1546 831 1607 animal:
855 1543 981 1627 κόρδαξ,
1006 1548 1188 1609 saltationis

89 1651 211 1714 genus,
234 1631 261 1691 si
279 1632 412 1693 omnino
428 1632 491 1692 huc
507 1631 686 1713 pertineat,
709 1631 795 1692 forte
807 1632 962 1692 referatur
978 1631 1016 1693 ad
1032 1637 1189 1710 volucres,

89 1715 475 1800 sutinsectnquaedam,
498 1736 594 1799 quae,
620 1715 819 1798 quasiresti,
843 1714 1188 1798 cboroquodameon·

88 1820 192 1862 nexae
207 1804 321 1861 saltare
337 1822 394 1902 per
416 1808 488 1859 aera
506 1800 666 1865 videntur
711 1800 879 1860 Caeterum
895 1821 975 1882 quae
990 1817 1187 1884 sequuntur,

88 1905 127 1946 ea
143 1907 247 1967 neque
267 1879 475 1966 Ἀεροκόρδαξι
465 1905 603 1966 tneque
622 1880 835 1966 Ἀιροιιόραξιν
859 1884 1020 1966 applicare
1039 1907 1187 1990 possum,

89 1981 124 2030 et
141 1969 300 2030 excidisse
312 1971 355 2030 ali
381 1968 435 2027 uid
454 1967 608 2044 arbitror,
631 1970 782 2028 nimirum
798 1968 1049 2069 descriptionem
1060 1977 1121 2035 suiv
1132 1965 1190 2036 eie-

90 2048 270 2135 ροκαρόιιαν
284 2068 341 2113 aut
356 2050 608 2151 αεροκορόόκιιν,
631 2068 687 2113 aut
706 2074 823 2114 nomen
838 2054 917 2113 novi
941 2053 1068 2136 generis
1092 2076 1190 2115 mon-

90 2150 247 2209 strorum,
271 2137 305 2198 in
322 2137 409 2220 qnod
423 2138 568 2220 proxime
586 2136 759 2218 descriptio
776 2138 959 2198 conveniat.
983 2138 1088 2199 Gaas.
1127 2137 1189 2205 ’Ae-

91 2221 277 2302 ροκόρακες,
301 2243 395 2306 quam
413 2222 583 2284 lectionem
604 2220 667 2282 duo
685 2220 788 2283 Codd.
803 2235 836 2282 et
851 2220 932 2282 dnae
946 2221 1049 2282 Editt.
1065 2238 1188 2286 veteres

90 2306 263 2388 praebent,
287 2327 405 2367 nomen
427 2320 493 2379 est,
516 2319 553 2367 ιιι
573 2306 936 2377 Wielondiusobservat,
967 2306 1190 2389 inepte'com-

91 2391 253 2473 positum,
277 2405 404 2452 constat
416 2392 500 2452 enim
516 2413 625 2452 omnes
639 2415 742 2454 coruos
756 2412 823 2453 csse
836 2393 940 2453 cirins.
976 2390 1069 2500 Quae
1083 2409 1190 2456 autem

92 2497 111 2535 a
130 2490 204 2539 cett.
217 2475 319 2536 Editt
330 2490 363 2537 et
383 2474 485 2538 Codd.
505 2475 623 2538 Parias.
646 2474 887 2559 suppeditatur,
916 2475 1014 2538 lectio
1033 2473 1192 2561 Ἀεροκόρ-

92 2565 197 2635 δακες,
221 2583 289 2621 enm
309 2558 493 2621 Wielondius
509 2576 742 2643 negatsensum
758 2563 858 2619 ullum
882 2559 1045 2640 praebere,
1067 2562 1192 2626 Belinus

94 2658 206 2703 contra
222 2645 319 2704 refert
332 2642 372 2703 ad
387 2643 557 2719 cerdonem,
580 2643 761 2703 saltationis
774 2664 892 2725 genus,
918 2643 957 2704 de
971 2666 1036 2727 quo
1051 2646 1120 2726 ipse
1132 2669 1193 2707 no·

94 2741 161 2787 ster
176 2727 290 2807 passim
306 2726 340 2784 in
358 2724 469 2786 libello
494 2724 533 2785 de
557 2726 848 2790 sarmationem
871 2728 958 2788 facit
1002 2728 1062 2789 Sed
1087 2751 1193 2812 neque

94 2811 143 2870 sic
161 2812 349 2872 convenerit
360 2830 493 2888 sequens
509 2808 703 2890 descriptio,
725 2824 764 2871 ut
779 2811 858 2871 scita
874 2811 1023 2872 observat
1039 2813 1191 2876 Gesrierue.

95 2898 226 2971 Restat,
248 2908 285 2952 ut
302 2915 373 2954 cum
395 2891 562 2954 Wielondio
585 2893 761 2976 judicemus
777 2895 892 2954 vitium
915 2917 982 2956 esse
1004 2896 1036 2955 in
1060 2900 1191 2960 nomine

96 2981 188 3060 ipso,
212 2978 298 3061 quod
317 2979 428 3039 illeex
448 2977 581 3038 arbitrio
604 2999 665 3039 tuo
688 2979 786 3039 finxit
806 2978 1125 3058 Retticbscbleuderer,
1156 2974 1221 3044 ao¹

95 3064 296 3159 silegeretur
311 3059 415 3124 forte
420 3067 668 3143 Ραφανοταξὶται,
686 3059 761 3124 vet‘
766 3070 1108 3147 Ραφανασφενδονῆιαι,
1117 3087 1193 3129 oon·

95 3148 265 3209 venienter
280 3146 408 3229 quidem
432 3169 504 3209 cum
520 3148 746 3230 sequentibus,
769 3149 901 3209 minime
918 3171 994 3211 vero
1018 3172 1089 3211 oum
1112 3172 1194 3213 voce

95 3236 237 3340 vulgata.
275 3232 412 3335 Propius
431 3230 470 3293 ad
486 3230 569 3292 hanc
581 3248 748 3295 accesserat
755 3233 873 3338 ,quod
896 3234 1032 3295 mihim
1054 3250 1193 3297 mentem

95 3319 204 3391 venit,
226 3312 501 3400 Ἀεροσκόρδακες,
524 3314 712 3399 ισκόρόον,
734 3339 760 3379 ι.
778 3314 943 3417 onioodpv,
965 3318 1081 3382 ollium.
1125 3322 1194 3380 Re·
1209 3314 1224 3327 ⁸

94 3362 449 3481 spondebuntbiillis,
475 3401 581 3484 quiin
596 3403 693 3483 Endy
694 3402 1053 3483 mioniscopiiserant,
1077 3412 1194 3485 Σκορα·

95 3482 240 3568 ὁομόχοις
255 3484 303 3569 (c
322 3494 372 3554 13.
383 3484 444 3568 )et
462 3506 544 3567 quae
569 3487 715 3586 seqnitur
736 3486 910 3586 descriptio
934 3509 1000 3548 non
1022 3450 1195 3550 difficulter

98 3571 139 3629 iis
156 3570 381 3652 applicabitur.
424 3569 494 3630 Neo
509 3568 685 3655 denique
659 3592 706 3631 stc
721 3592 801 3653 opus
813 3571 892 3648 crit,
915 3585 953 3632 ut
968 3585 1071 3633 totum
1086 3576 1194 3632 locum

97 3676 170 3714 cum
187 3654 312 3716 Gesnero
333 3652 505 3713 habeamus
519 3674 579 3736 pro
595 3658 756 3722 mutilato.
799 3654 860 3717 Sed
881 3655 967 3717 nihil
988 3671 1093 3718 tamen
1118 3656 1195 3719 deii.

96 3739 194 3798 niem.
217 3741 338 3800 Lassus.

182 3823 260 3885 End.
276 3828 298 3884 1.
316 3827 365 3892 15.
389 3818 483 3888 Καὶό
496 3822 650 3928 βιηθεὶς)
680 3824 746 3884 Ubi
769 3828 923 3906 legerem,
951 3822 1172 3933 πόρρωθεν
1136 3852 1194 3910 γαρ

96 3907 292 4015 dppsudduosv
291 3904 710 4011 Μραφανίδαςόπερμεγιθιις.
742 3906 905 3992 όβιηθεὶς
927 3905 994 3975 ntid'
1021 3906 1069 3976 ἐπ’
1090 3905 1155 3995 όλὶγ
1158 3937 1195 3976 ον

98 3988 231 4072 ἀντέχειν
251 3987 395 4060 ἔδόααιο
431 3996 543 4054 eminus
566 3998 641 4054 enim
655 3992 869 4074 jaculabantur
886 3995 1013 4077 grandes
1034 3938 1196 4059 admodum

97 4077 265 4163 καρόαιιοιι
285 4079 454 4143 ααΙιιειαιιιι
469 4103 504 4140 ne
516 4082 626 4161 exiguo
640 4077 771 4163 quidem
775 4094 901 4167 tempore
913 4097 1030 4163 poterat
1040 4085 1196 4163 sustiuere3
