2634 4680
317 292 383 339 ιιι
435 290 928 344 rranuorrnusr.
1096 274 1175 349 455

159 439 234 503 Eud.
251 442 273 500 l.
288 446 319 507 6.
346 444 396 527 Tpi
409 439 625 523 ἐπιτραπεζίῳ)
647 439 722 500 Ηοα
736 451 800 515 est,
822 445 868 526 spi
884 432 1006 521 iul'csic
1025 440 1173 527 τρατὲζὴς

73 528 237 613 ἐκχεομένῳ
257 521 360 601 diors,
384 521 470 589 iidrri
489 521 546 606 τήν
570 526 751 608 ιάοῤῥοιιίαι·
768 523 821 588 aot
835 522 869 588 τὸ
888 520 1172 610 ιῖιιαρὲγτιλιτονπῖς

71 612 217 692 τραπέζης
239 610 288 674 lul
307 607 407 693 χώρας
429 611 536 691 μένον,
558 610 611 675 καὶ
632 614 687 690 τῆς
708 610 887 690 ἐπιφανείας
907 610 1111 693 incressando
1127 621 1172 701 cpi

71 695 208 779 δακτύλῳ
222 687 413 802 ὅχετηῳοῦντι
429 689 505 758 oriri
522 701 604 774 φιλεῖ
616 693 757 771 ἔπεσθαι,
780 695 872 775 dordr
884 689 1006 774 φύσεως
1019 691 1170 785 ὑπάρχον,

69 783 122 845 καὶ
137 774 321 864 ιῖτρεμεῖνμη
340 775 491 860 πεφυκός.
536 779 669 841 Caetera
684 799 788 861 unque
809 776 849 837 ad
865 787 1027 862 pag-317.
1041 781 1170 844 crebrae

67 880 145 925 sunt
159 865 372 944 repetitiones
388 863 673 946 comparationum,
698 883 780 945 quae
793 862 908 943 passim
922 862 1010 928 alibi.
1033 863 1169 929 Bounn.
1207 914 1211 919 .

152 942 242 1010 ibid.¹
252 943 470 1038 Ἐπιτραπεζίῳ
484 945 594 1033 ridere)
614 949 726 1034 Aquae
737 971 825 1031 supa·
842 970 972 1009 mensam
986 950 1173 1029 irriemeevei

66 1036 188 1121 effirsae.
211 1037 323 1097 Baton.

153 1118 231 1182 End.
248 1123 269 1178 l.
283 1127 314 1186 8.
340 1114 473 1202 Καλάμῳ
492 1114 573 1200 τινὶ)
593 1117 703 1179 Homo
728 1116 916 1177 inconstans
940 1112 1052 1179 itidem
1074 1136 1169 1179 arun.

66 1203 139 1262 dini
162 1224 180 1263 a
204 1204 351 1283 quolibet
374 1212 474 1264 vento
495 1218 601 1264 motae
622 1215 826 1284 comparatur
849 1198 884 1258 in
908 1199 1008 1262 Novo
1025 1200 1167 1283 foedere,

64 1288 143 1349 Luc.
158 1288 240 1362 Vll,
258 1295 309 1355 24.
329 1286 388 1348 ubi
406 1286 520 1349 Elauer.
540 1301 573 1361 at
591 1286 654 1349 hoc
666 1286 799 1349 Lucinni
812 1281 955 1345 adducit.
976 1286 1103 1348 Rarus.

148 1389 395 1471 Pag.97.l.14·
423 1387 469 1454 Ti
491 1388 531 1455 dl
551 1385 675 1535 cottia
696 1389 750 1449 Sic
762 1387 843 1450 haec
865 1390 1040 1469 conjuncta
1054 1390 1168 1473 legun.

64 1487 119 1535 tur
132 1473 167 1533 iu
180 1473 217 1534 B.
237 1482 266 1541 1.
284 1489 316 1536 et
330 1482 361 1543 3.
391 1474 431 1535 In
447 1474 532 1553 aliie,
546 1489 579 1536 et
594 1473 628 1534 in
676 1476 805 1539 eitzicne
818 1470 1165 1558 quoque,etrecentt.,'

64 1573 220 1619 commate
245 1573 320 1641 post
342 1559 375 1624 di
399 1559 509 1642 posito
537 1573 699 1641 separatas
734 1554 769 1625 ri
792 1559 842 1634 di,
870 1553 950 1623 nolti
974 1556 1166 1641 woldarice.

62 1642 158 1704 Unde
182 1664 269 1705 emor
286 1657 399 1721 uatus,
422 1640 456 1709 sd
473 1644 505 1708 di
517 1642 664 1704 absolute
677 1644 819 1724 positum
836 1662 922 1720 esse,
945 1654 979 1702 et
992 1638 1069 1706 aoid
1083 1642 1166 1704 refe·

60 1728 195 1787 rendum
233 1726 274 1788 ad
304 1727 579 1810 Comparativum.
634 1727 840 1813 Quapropter
863 1731 926 1809 jam
955 1724 1101 1809 Seegmts
1127 1724 1166 1787 in

61 1813 161 1877 Class.
177 1812 194 1875 J
200 1832 292 1874 curn.
308 1811 383 1877 Vol.
400 1812 494 1877 XIII.
508 1834 541 1895 p.
556 1820 627 1893 78„
652 1833 750 1895 quum
770 1807 852 1871 illud
868 1806 902 1875 ed
919 1808 951 1875 di
965 1830 1165 1895 concoquere

58 1918 127 1957 non
147 1910 275 1978 posset,
298 1895 492 1959 medicinam
506 1901 600 1972 loco,
623 1917 690 1957 uon
710 1916 769 1956 auo
785 1893 972 1971 stomacho,
993 1894 1163 1978 qnaesivit,

61 2001 166 2061 eoque
181 1978 308 2040 tandem
327 1978 473 2059 devenit,
494 1995 533 2042 ut
544 1983 650 2066 legere
664 1993 815 2067 cuperat,
835 1976 869 2044 sd
885 1975 917 2044 δ’
932 1980 1086 2058 ἐναντίον,
1107 2002 1164 2045 ιτα·

58 2062 96 2127 iri
119 2078 179 2125 etc.
223 2066 363 2124 Tantum
388 2065 550 2126 turbarum
571 2087 670 2149 prava
693 2063 918 2147 interpunctio
939 2061 1081 2127 excitare
1098 2084 1163 2147 pe-

60 2149 143 2212 ruit!
170 2148 358 2232 Coujuuge,
375 2171 511 2234 quaero,
530 2147 564 2216 ari
577 2146 674 2231 uoti,
697 2162 730 2210 et
744 2146 859 2213 redde:
880 2152 1021 2214 mamma
1034 2170 1078 2210 ea·
1089 2172 1162 2233 par.

58 2250 103 2295 re.-
124 2247 156 2295 et
174 2232 296 2310 omnia,
319 2254 430 2316 spero,
452 2257 527 2296 sana
543 2250 649 2298 erunt.
683 2234 803 2298 Laura.

141 2318 217 2400 Peg.
235 2323 285 2384 98.
303 2321 325 2378 l·
344 2326 371 2384 1.
396 2315 460 2402 Γᾶρ
483 2346 511 2385 τι
530 2324 622 2398 lura.)
647 2321 698 2381 An
723 2318 781 2403 γάρ
799 2343 862 2396 τοις
891 2318 1029 2384 Gurar.
1070 2314 1163 2379 Inter

56 2400 114 2486 yolo
133 2417 164 2462 et
179 2399 316 2483 λυπηρὰν
332 2401 534 2466 inserebatur
549 2431 596 2482 τι,
620 2403 706 2491 quod
723 2402 805 2465 duce
821 2404 870 2463 M.
886 2400 1072 2464 delevimus.
1095 2402 1162 2465 So·'

58 2510 138 2546 narr.
183 2487 350 2547 Immerito
373 2493 511 2570 ejectum
536 2515 564 2554 τι
590 2511 607 2551 a
639 2488 768 2564 Salano,
801 2487 939 2563 Reitzio,
972 2500 1006 2549 et
1025 2500 1160 2550 recentt.

57 2571 179 2648 Editt.,
203 2570 406 2655 negligenter
419 2574 572 2633 omissum
589 2571 714 2634 inCod.
731 2573 799 2649 M„
821 2593 984 2653 perperam
1000 2584 1161 2632 tentatum

58 2677 76 2714 a
93 2654 221 2739 Gryno,
245 2655 303 2736 qui
321 2652 379 2739 γάρ
400 2681 447 2720 τοι
464 2657 544 2741 legi,
566 2673 599 2718 et
620 2678 638 2717 a
656 2656 784 2741 Seogero
801 2656 836 2716 iu
853 2656 952 2719 Clare.
967 2654 1084 2720 Journ.
1097 2657 1120 2716 l.
1136 2658 1162 2720 l.'

58 2739 117 2821 qui
136 2736 307 2798 admodum
329 2738 449 2801 insulse
470 2740 589 2825 corrigi
607 2746 699 2803 vult:
729 2736 814 2805 πάνυ
835 2736 893 2823 yoip
916 2765 946 2805 τι
967 2735 1107 2821 lauredi
1126 2764 1161 2805 re

57 2825 109 2886 καὶ
125 2837 186 2884 etc.
229 2822 427 2905 Ignorarunt
446 2845 560 2905 nempe
581 2824 619 2884 hi
640 2845 767 2900 omnes,
789 2828 842 2886 vel
864 2828 1076 2903 neglexerunt
1092 2824 1158 2886 rim

55 2910 213 2968 formulae
227 2904 310 2971 πάνυ
329 2930 373 2984 τι,
397 2927 479 2989 quae
491 2907 537 2969 sic
553 2908 716 2992 significat
731 2908 955 2992 quovismodo,
978 2920 1017 2967 ut
1027 2912 1089 2981 ’πᾶς
1101 2932 1156 2985 τις,

54 2992 177 3075 quilibet
199 3005 258 3054 est.
308 2992 403 3051 Hanc
428 3013 502 3054 vere
521 2994 660 3054 Atticam
681 2992 834 3077 phrasin,
866 2994 893 3055 si
918 2992 990 3075 quie
1015 2989 1154 3074 ignoret,

54 3077 157 3136 discet
175 3098 192 3136 e
210 3076 307 3137 Stura.
319 3076 402 3137 Lex.
414 3076 567 3160 Xenoph.
581 3080 673 3142 Tom.
690 3077 753 3139 ΙΙΙ.
769 3098 802 3160 p.
810 3084 884 3146 406.
907 3076 1078 3161 Elegantia
1094 3074 1156 3137 ita·

54 3180 119 3241 que
135 3181 201 3220 non
224 3160 384 3238 privasse,
406 3159 462 3223 aed
481 3183 610 3224 ornasse
631 3161 767 3225 videbor
781 3163 968 3239 Lauicanam,
990 3182 1087 3247 quum
1105 3180 1154 3221 re-

52 3245 189 3306 stituero
207 3243 288 3304 illud
307 3270 344 3324 τι,
355 3246 389 3305 in
404 3267 469 3332 quo
486 3246 775 3315 omnetEdeett.
789 3249 1010 3310 consentiunt.
1031 3245 1153 3307 Lanu.

77 3447 84 3462 .
137 3362 215 3463 Ead.
231 3364 254 3424 l·
269 3372 300 3433 7.
321 3358 538 3467 Ἐτιιγιῶμων)
559 3368 669 3451 Hujus
683 3367 774 3429 rocio
788 3365 927 3466 vimnhio
941 3369 1032 3467 locus
1047 3377 1154 3425 osten-

53 3445 101 3511 dat
119 3449 378 3533 Learcographrs
393 3472 459 3513 nou
474 3467 550 3512 eatae
568 3465 780 3537 perspectam.
821 3450 897 3517 Vrd.
915 3450 1000 3516 Surd.
1021 3450 1152 3511 Sonam.

136 3569 211 3650 Peg.
231 3572 320 3633 99.1,
338 3577 367 3634 1.
392 3574 519 3637 Πείθειν
537 3566 620 3655 ἡμᾶς
639 3567 742 3657 tituil.)
764 3570 876 3645 Ordo,
896 3568 1050 3655 βιάζονται
1069 3562 1152 3649 ἡμας

48 3654 165 3717 πείθειν
177 3652 298 3718 εἰδέναι.
327 3655 462 3719 Gurnr.

135 3736 214 3800 ibid.
242 3744 331 3812 Ταῖς)
352 3739 404 3797 Ex
419 3739 457 3802 P.
474 3753 506 3799 et
521 3741 564 3800 L.
606 3740 646 3801 In
665 3741 800 3825 reliquia
814 3740 901 3804 enirn
914 3748 989 3815 ταῖς.
1020 3738 1148 3801 Sanan.

133 3820 213 3883 Ead-
225 3824 247 3885 l.
261 3830 292 3889 8·
306 3820 427 3903 Ὅμως)
451 3825 547 3887 Solus
561 3828 615 3890 W.
636 3824 749 3887 Codex
765 3826 849 3887 hanc
863 3846 973 3887 vocem
988 3822 1146 3907 agnoscit.

49 3906 177 3966 Sonare.
221 3905 267 3965 At
282 3904 431 3990 Obsopoei
449 3910 556 3971 versio
572 3909 775 3989 exprimebat
788 3908 870 3973 illud
892 3924 997 3974 temen.
1020 3910 1144 3968 llnrrz.

134 3987 215 4050 ibid.
239 3992 292 4053 Ei
308 4018 368 4067 τις
389 3996 519 4059 alcaeo
541 3996 626 4077 ete]
646 3994 718 4055 Hae
732 3994 801 4075 ipsa
813 3992 1091 4079 argumentatione
1105 3988 1145 4049 ab

47 4093 106 4153 eo,
128 4070 219 4157 quod
239 4077 464 4157 usurarum,
487 4078 528 4141 ad
543 4078 597 4159 id,
620 4077 711 4163 quod
732 4078 780 4145 dii
797 4082 884 4161 sint,
905 4079 1011 4145 utitur
1031 4076 1147 4139 Timo·

378 4376 405 4405 ,ἱ

40 4420 45 4435 Ι

17 4476 20 4481 .
333 4448 339 4479 l

99 4512 135 4555 ’.ι
155 4524 205 4553 AJ-
224 4496 264 4541 ¹...-

28 4580 31 4585 .
63 4564 95 4585 {⁴¹¹
