2634 4680
248 250 302 353 xrrr
324 299 507 363 onorono
532 299 710 350 ursronra
735 298 794 372 err
818 300 967 357 corson.
1086 283 1160 360 591
1288 361 1292 367 ,

71 450 221 512 faciliora
243 462 354 528 erunt,
376 469 458 534 qnae
475 459 663 531 sequuntur.
704 444 828 531 Nempe
843 446 890 517 ita
899 450 1051 514 Arrianus
1063 472 1095 537 p.
1109 460 1161 525 68.

71 539 193 620 Πλαγλα
207 535 260 618 μὲν
282 533 399 620 φάλαγξ
418 534 500 598 ἐστὶν
518 527 540 614 ἦ
555 531 590 598 ri
610 538 710 615 μῆκος
729 539 787 597 τοῦ
799 529 921 617 βάθους
939 535 1164 607 πολλαπλάσιον
1283 539 1287 545 ⁴

71 622 199 701 ἔχουσα·
221 615 315 704 ὀρθία
327 621 359 684 δὲ
372 617 444 685 ὅταν
458 619 508 684 ἐπὶ
521 617 612 699 πέρας
624 610 788 700 πορεύηται
792 664 803 694 ,
826 615 905 684 οὕτω
920 616 949 685 d’
963 611 1004 687 oti
1014 619 1047 688 cd
1063 622 1163 706 βάθος

68 704 124 769 τοῦ
151 701 269 786 μήκους
297 698 520 768 πολλαπλάσιον
547 702 712 784 παρέχεται,
759 701 890 786 obliqua
908 705 978 767 aive
997 712 1180 771 transverse

69 811 166 872 porro
180 793 259 851 ποίεε
274 788 342 850 sive
356 813 460 871 egenen
478 799 542 864 est,
567 808 639 847 cum
652 789 684 848 in
694 785 830 874 frontem
844 785 1007 859 ducuntur
1026 792 1162 856 militesa

67 891 162 950 recta,
187 896 258 934 cum
275 876 306 933 in
321 884 420 937 cornu.
463 872 571 956 Igitur
586 871 621 930 iu
638 887 801 955 transverso
815 875 932 954 agmine
947 878 1053 953 plures
1064 880 1162 960 louge

67 957 210 1019 adversis
226 956 390 1018 frontibus
406 955 503 1018 simul
517 975 704 1018 concurrere
720 970 876 1039 possunt,
895 954 951 1017 aed
966 960 1128 1038 parciores
1142 983 1162 1022 a

66 1057 158 1126 tergo
172 1040 302 1119 hebent,
311 1043 370 1124 qui
383 1041 417 1100 in
431 1041 533 1123 prima
549 1039 620 1102 acie
631 1053 794 1124 puguant:
816 1039 851 1100 iu
866 1056 945 1103 recto
954 1047 1074 1125 agmine
1086 1067 1163 1109 cou-

66 1128 165 1186 traria
181 1125 306 1188 omniur
330 1125 497 1208 pauciores
512 1124 608 1185 simul
625 1136 837 1200 concurrunt,
860 1129 967 1207 plures
984 1127 1047 1187 sibi
1064 1149 1081 1191 a
1099 1143 1164 1193 tet·

65 1231 108 1294 go
125 1223 264 1291 possunt
275 1208 454 1272 succedere.
498 1208 564 1271 Hic
575 1209 731 1289 scriptor,
754 1228 847 1292 quem
864 1209 1070 1290 reprehendit
1083 1209 1163 1277 Lu-

66 1294 196 1373 cianus,
221 1294 351 1355 miscuit
370 1295 497 1371 omnia,
521 1307 553 1354 et
575 1305 771 1354 trunwersum
790 1316 895 1375 agmen
915 1290 1001 1357 dixit
1024 1299 1056 1358 ἰπ
1068 1321 1161 1361 cornu
1241 1356 1244 1366 ,

65 1377 151 1455 duci,
175 1376 281 1454 (unde
297 1391 405 1441 rectum
420 1378 530 1461 potina
546 1400 649 1460 ugmn
664 1399 693 1437 or
701 1378 787 1456 itur)
802 1398 861 1460 pro
877 1399 917 1440 eo
924 1426 935 1456 ,
957 1379 1045 1462 quod
1061 1380 1162 1445 debe·

62 1462 117 1523 bat
134 1463 255 1542 dicere,
278 1462 467 1551 instantem.
511 1461 547 1526 si
562 1462 616 1522 cui
629 1460 710 1522 haec
723 1465 858 1542 abrupta
877 1462 974 1529 nimia
990 1462 1161 1527 videantur

62 1560 120 1606 aut
143 1547 293 1611 obscura:
322 1548 433 1610 atille
457 1546 492 1607 in
518 1565 629 1606 manus
655 1558 759 1607 sumat
772 1547 957 1624 Atriorum,
981 1568 1084 1637 neque
1101 1549 1183 1612 du:
1282 1608 1285 1613 .

62 1631 150 1690 bium
168 1631 343 1716 quidquam
356 1632 388 1694 ei
403 1631 612 1775 relinquetur.
634 1629 738 1695 Gran.
781 1629 931 1695 Aelianus
942 1631 981 1695 de
998 1633 1161 1697 instruen-

63 1714 114 1776 dis
131 1715 258 1778 aciebus
272 1726 385 1798 p.263.
402 1716 457 1794 (iu
473 1737 490 1776 e
514 1715 552 1778 it.
565 1714 697 1797 Vegetii
711 1712 821 1801 Lugd.
837 1718 911 1779 Bat.
928 1715 1042 1802 1692.)
1055 1735 1161 1781 nous-

59 1825 146 1862 veraa
167 1805 318 1885 (πλαγία)
340 1817 384 1862 est
398 1798 555 1883 pbulonae,
578 1817 660 1879 quae
682 1797 890 1883 longitudine
903 1806 1006 1864 multo
1020 1804 1160 1887 produc.
1271 1877 1275 1883 -

60 1885 146 1946 tiore
167 1898 312 1962 constat,
345 1905 440 1966 quam
463 1878 654 1955 altitudinar
688 1900 806 1946 enecta
825 1878 959 1970 (ὀρθία)
983 1901 1049 1967 est,
1078 1909 1161 1974 qnae

60 1991 118 2051 per
146 1990 246 2033 cornu
274 1965 494 2052 progreditur,
522 1969 621 2050 longe
648 1965 856 2048 productiore
883 1968 1056 2034 altitudine
1081 1993 1161 2035 con.

61 2067 261 2135 stans,quam
276 2049 501 2137 longitudiner
522 2050 718 2136 omninoque
732 2056 806 2134 plus
820 2052 1050 2138 longitudinis,
1063 2077 1159 2141 quam

61 2136 247 2198 altitudinis
260 2132 390 2197 habeat:
413 2134 572 2219 oblongum
584 2133 617 2195 id
632 2136 857 2198 consuevimus
872 2139 1046 2206 nominare.
1089 2141 1159 2204 Ar-

59 2237 171 2283 rectum
186 2241 262 2283 vero
287 2219 444 2298 edirecto,
466 2218 555 2306 quod
578 2223 652 2302 plus
674 2219 876 2301 altitudinis,
900 2225 1159 2310 qnamlongitu·

59 2305 147 2366 dinis
170 2303 302 2368 babeat:
326 2305 477 2388 quocirca
498 2303 689 2389 pbalangem
714 2324 845 2390 qnoque
864 2307 1067 2390 interpretari
1078 2309 1160 2373 licet

57 2390 112 2450 bis
135 2388 253 2452 eisdem
276 2388 472 2455 nominibus.
521 2387 653 2474 Obliqun
673 2390 833 2471 (fortasse
845 2389 932 2472 λοξὴ,
955 2399 1157 2479 nonrrtnyinr

61 2476 106 2536 cf.
124 2473 295 2537 Onosondn'
307 2472 552 2559 Strategeticum
567 2495 594 2534 c.
609 2481 661 2540 21.
678 2495 712 2558 p.
727 2482 779 2545 86.
794 2497 835 2538 ex
852 2474 982 2538 officina
1000 2477 1156 2541 Commel.

61 2566 153 2627 1600.
169 2561 224 2638 4.)
245 2572 309 2636 eat,
333 2578 414 2640 qnae
433 2563 567 2619 alterum
588 2578 707 2634 cornu,
738 2558 825 2644 quod
849 2560 1001 2641 libuerit,
1023 2562 1159 2646 propin·

59 2664 160 2725 quum
184 2641 341 2724 objiciens
360 2640 525 2721 hostibus,
556 2661 660 2785 eoque
680 2640 867 2724 decertans,
898 2650 1032 2708 alterum
1055 2667 1158 2710 semo-

57 2727 124 2787 tius
141 2739 266 2803 teneat,
286 2744 417 2786 manens
429 2722 600 2809 aggredien
626 2726 638 2785 i
654 2727 942 2808 opportunitatem.
964 2732 1056 2792 Run.

145 2809 226 2871 Idid.
247 2803 401 2895 Ὀρθίων)
423 2810 546 2871 Deerat
558 2807 638 2871 baec
649 2830 718 2872 vox
733 2810 768 2870 in
781 2812 930 2873 omnibus
944 2813 1105 2896 vulgetis,
1123 2827 1158 2877 et

59 2896 95 2956 in
110 2893 181 2978 ipso
197 2895 248 2956 Μ.
260 2914 327 2955 nou
342 2894 414 2955 sine
428 2912 551 2953 tommo
568 2892 747 2956 sententiae
761 2891 944 3000 diependio.
988 2898 1173 2983 ῙὶοροπιιίωΙ

58 3001 130 3041 mus
154 2978 264 3065 itaque
284 3000 325 3040 ex
348 2974 411 3038 Ed.
432 2976 464 3050 J,
507 2974 654 3120 (guidtit
669 2992 777 3039 sutem
801 2985 896 3063 ορθία
917 2979 1052 3068 φάλαγξ,
1075 2982 1158 3067 qnid

57 3066 184 3147 πλαγία,
208 3085 248 3124 ex
262 3062 404 3125 Tacticis
423 3072 518 3144 poten
542 3082 604 3122 um.
642 3059 682 3124 V.
700 3061 779 3149 Pott.
821 3065 877 3126 De
900 3068 949 3132 ἐπὶ
970 3069 1067 3151 κέρως
1081 3067 1157 3135 vide

60 3147 194 3233 Thucyd.
212 3148 264 3222 lI,
283 3155 334 3215 90.
358 3148 485 3212 sonan.
529 3144 611 3207 cum
631 3145 714 3209 illud
738 3144 851 3230 ὀρθίαν
873 3171 914 3213 ex
926 3150 1008 3218 June.
1022 3152 1159 3215 admise-

57 3234 136 3311 rim,
169 3231 258 3315 quod
283 3251 395 3294 semus
422 3228 621 3313 postulabat,
652 3233 833 3296 necessario
855 3234 952 3298 etiam
974 3234 1157 3300 v'ersinnan'r

60 3315 195 3397 Gesneri,
218 3338 300 3401 quae
317 3313 358 3378 ad
376 3319 539 3459 vulqatam
561 3315 647 3377 facta
665 3330 750 3394 erat,
773 3320 906 3391 mutari.
950 3320 987 3383 ld
1001 3321 1029 3383 si
1044 3340 1158 3427 pecca·

56 3415 125 3463 tum
146 3415 211 3478 est,
232 3401 314 3465 mihi
337 3398 441 3462 odacri
465 3413 548 3466 atur.
568 3398 692 3462 Ram.
733 3401 843 3469 Etiam
866 3404 938 3466 sine
959 3405 1019 3467 illo
1042 3406 1158 3487 ορθλαν

56 3486 169 3568 (quod
189 3487 275 3548 sorte
298 3482 470 3547 correctori
495 3483 634 3546 Iuntinue
651 3482 804 3574 debetur)
825 3509 937 3552 sanans
956 3488 1155 3567 absolvitur,

57 3584 91 3630 et
105 3569 233 3654 quidem
246 3571 447 3654 aliquantum
462 3568 625 3653 argutius,
649 3568 737 3654 quod
750 3569 889 3640 brevius.
919 3572 1080 3657 Obliquum
1093 3596 1157 3654 og-

54 3678 140 3729 men,
163 3670 196 3717 et
218 3669 324 3718 tamen
346 3650 431 3714 idem
452 3652 487 3713 in
510 3651 725 3718 eornu'ducrre
748 3651 836 3719 dixit
850 3657 980 3739 ineptus
1003 3656 1155 3741 scriptor,

56 3759 140 3820 quse
157 3752 351 3886 rtepugpant,
364 3758 436 3889 οιιῗ
450 3736 809 3889 qnffoptgpoedicengm
823 3757 918 3806 esset.
941 3743 1060 3886 Gi⁸⁸5t
1074 3740 1156 3885 qu

54 3840 391 3971 titulusita?
409 3843 596 3986 ,atille
615 3846 724 3990 ,tet
748 3847 1075 3990 ,mliii
1090 3846 1156 3973 it.

55 4010 124 4050 cem
140 3988 256 4070 habet,
278 4013 318 4054 ex
339 4011 403 4076 qua
426 3988 573 4053 editions
592 3995 713 4057 nutus
733 3993 829 4057 etiam
849 3995 929 4059 alias
943 3995 1102 4061 lectiones
1118 3992 1155 4053 iu

54 4073 211 4141 Juntirom
231 4075 397 4141 nucinas
416 4087 553 4143 tonant.
596 4074 667 4141 Janr
682 4095 799 4162 quum,
820 4078 960 4145 admissa
979 4078 1041 4146 bae
1058 4094 1152 4156 -voce,
