2634 4680
333 292 372 336 ια
399 287 523 335 vauls
552 287 750 336 rossontus
775 289 846 338 sm.
873 290 911 338 11.
1094 273 1169 346 679

10 474 54 516 ‘2
70 450 184 497 tratur.
230 436 299 494 Etsi
320 437 368 501 ἐπὶ
390 433 470 512 δεξιοὶ
485 447 516 496 et
537 431 586 500 ἐπ’
603 427 743 517 decessori
760 448 846 497 recte
861 433 994 516 dieitur,
1019 448 1057 498 ns
1070 437 1166 504 Hom.

10 521 110 600 211.
133 518 380 594 V11‚238.*et
404 519 497 600 alibi3
535 540 606 578 nam
628 516 782 579 ihialiud
806 519 936 584 verbum
966 519 1165 605 adjungitur.
1199 546 1201 555 ·

10 642 42 685 tt
70 605 170 666 0⁰¹¹f·
192 618 251 663 '¹¹⁰³
275 603 539 686 Supraadc·28·
561 603 679 686 Quom.
703 602 920 665 conscr.·hist.
962 605 1007 666 Et
1020 605 1164 688 videbis,
1284 622 1287 629 ·

66 710 136 748 non
154 689 434 749 immerito-locum
450 688 519 752 Aet.
536 690 584 757 ἐπὶ
599 684 734 771 Δήλιον,
758 696 940 770 suspeotu'm
961 709 1089 775 quoque
1105 690 1165 754 8ο-

10 816 52 855 3
65 771 138 834 luno
153 771 266 833 videri.
290 775 411 836 limaz.
547 816 551 850 3
994 768 998 775 ¹
1145 804 1148 811 ·

10 928 12 933 ,
26 902 49 939 ¹
139 855 229 917 -Εοᾶ,
243 862 264 916 l.
280 866 329 924 10.
358 854 436 933 Τοὺς
447 859 588 940 ἑτέρους)
612 856 667 918 Sio
681 856 762 939 legit
779 854 947 938 interpres.
969 858 1015 920 At
1029 880 1090 945 ego
1104 882 1164 943 pn·

10 968 33 1025 i:
68 955 103 1002 to
130 938 300 1023 legendum
323 942 474 1023 ἑταίρους,
504 963 576 1002 nam
600 955 633 1002 et
650 941 734 1001 infra
752 940 786 999 in
801 941 1003 1005 Demonacte
1021 943 1163 1028 discipu.

10 1072 39 1123 μ
65 1028 117 1086 los
132 1025 290 1102 Socratis,
316 1024 431 1109 dequo
446 1027 500 1086 hio
511 1028 668 1110 loquitur,
690 1026 827 1107 ἑταίρους
842 1038 953 1101 vocat,
977 1024 1116 1106 εἰπόντος
1130 1031 1164 1096 δέ

10 1126 35 1195 ’,-
65 1133 149 1183 τινος
165 1117 225 1171 τῶν
238 1111 372 1193 ἑταίρων·
390 1125 421 1174 et
436 1122 553 1189 rursus,
564 1117 624 1174 τῶν
635 1113 760 1193 ἑταίρων
775 1134 821 1184 τις
836 1103 915 1188 ὅμῶν
928 1117 1031 1175 ταῦτα.
1047 1114 1160 1176 Panas.
1195 1138 1198 1153 ·

10 1244 30 1281 Ε
64 1191 248 1252 Admodum
264 1198 372 1276 jocose
385 1210 491 1255 narrat
506 1195 678 1270 Lucienus,
701 1195 769 1266 uti,
793 1215 863 1253 oum
875 1209 958 1255 esset
974 1194 1060 1278 apud
1077 1197 1161 1265 infe·

10 1333 23 1367 Ι
65 1297 130 1354 ros,
141 1277 234 1356 impii
247 1280 352 1360 ruptis
366 1278 505 1340 vinculis
522 1280 700 1340 invaserint
720 1279 847 1360 piorum
869 1280 1051 1360 regionem
1072 1280 1161 1342 Rha.

15 1415 25 1449 ἶ
65 1361 262 1440 damanthyn
281 1376 383 1424 autem
397 1361 511 1425 heroas
527 1363 675 1424 eduxisse
688 1363 723 1423 in
740 1362 859 1440 aciem,
882 1364 1054 1444 praefectis
1069 1364 1160 1426 The-

10 1506 23 1541 :
65 1467 138 1521 seo,
162 1447 289 1507 Achille
299 1487 312 1524 ,-
330 1463 363 1507 et
378 1447 475 1529 Ajace
489 1450 695 1526 Telamonia,
719 1447 777 1530 qui
800 1462 928 1509 strenue
948 1449 1160 1535 represserint

13 1544 22 1597 'r
64 1532 195 1610 impios.
239 1532 324 1592 Ante
354 1553 464 1593 omues
491 1547 596 1594 tamen
615 1532 765 1594 virtutem
791 1531 948 1608 Socratis¹
986 1533 1025 1593 in·
1042 1532 1156 1596 dextro
1201 1561 1212 1575 ι

10 1606 21 1681 s
65 1637 165 1676 cornu
182 1618 376 1699 pugnantis,
404 1617 591 1688 emicuisse;
621 1638 717 1700 quare
738 1615 875 1675 donatus
896 1615 997 1678 fuerit
1019 1616 1156 1699 pulchro

10 1694 21 1709 “
64 1715 97 1761 et
113 1702 255 1783 spatioso
272 1700 390 1779 horto,
410 1702 552 1783 inquens
569 1696 756 1762 convocarit
768 1697 841 1774 τοῶς
853 1701 988 1780 ἑτέρους,
1017 1702 1154 1787 reliquos,

62 1785 177 1844 heroas
196 1806 326 1867 nempe,
350 1801 387 1844 ut
400 1807 459 1868 ego
474 1783 601 1867 quidem
618 1806 756 1866 expono.
798 1785 843 1845 At
857 1785 1022 1848 Palmen'us
1032 1807 1064 1867 p.
1080 1794 1154 1857 6782

10 1908 20 1965 'a
61 1869 143 1966 legit
165 1870 309 1951 ἑταίρους.
354 1870 472 1932 Verum
497 1867 642 1951 quidem,
663 1871 763 1950 ἕτερος
780 1890 873 1950 saepe
889 1890 1051 1952 perperam
1068 1869 1155 1953 apud
1274 1879 1281 1885 '

10 2021 14 2033 ,
62 1965 234 2032 sorrptores
250 1954 383 2034 reperiri
396 1975 454 2034 pro
471 1955 603 2030 ἑταῖρος,
626 1968 659 2014 et
677 1968 803 2015 eontra:
827 1961 917 2030 (nam
933 1969 965 2014 et
981 1955 1082 2032 ἑταῖρα
1093 1976 1159 2036 pro

10 2036 16 2119 ¹,
60 2038 156 2118 ἑτέρα,
167 2037 201 2096 in
216 2057 275 2097 suo
293 2037 376 2099 libro
388 2038 504 2121 legisse
518 2037 686 2100 Brodneum
701 2037 785 2120 apud
795 2039 935 2100 Nostrum
952 2038 986 2098 in
1001 2038 1040 2100 de
1051 2041 1152 2104 Mers.

11 2124 18 2137 '
61 2119 256 2182 condoirca
279 2121 467 2207 finliquet,
497 2125 571 2208 qu-ia
592 2123 639 2180 ibi
661 2125 836 2208 Ριοὲταίρα
856 2122 1023 2205 legendum
1043 2137 1155 2185 monet
1266 2124 1298 2203 J

10 2189 18 2224 ἶ
59 2207 161 2290 ἑτέρα,
183 2221 221 2266 ut
234 2228 320 2266 nuno
334 2223 418 2269 reste
434 2207 468 2267 in
483 2207 623 2290 vulgatis
641 2206 840 2268 editionibus
852 2207 1000 2291 legitur.)
1024 2208 1090 2268 Hie
1106 2223 1154 2269 tta·

11 2304 14 2313 '
57 2313 131 2351 men
147 2294 234 2350 nulla
260 2291 389 2352 videtur
408 2292 553 2352 mutandi
567 2292 758 2364 necessitas3
783 2314 870 2368 cum,
893 2306 930 2352 ut
944 2290 1029 2368 dixi,
1050 2307 1152 2355 caete·

10 2362 19 2401 Ι
39 2375 86 2436 -ri
99 2375 211 2436 herolia
226 2375 293 2436 sint
309 2377 530 2461 intelligendi:
560 2397 615 2451 eos
630 2375 714 2438 euim
729 2375 776 2435 ibi
794 2374 879 2460 apud
894 2375 1054 2440 Socratem
1071 2377 1153 2439 fuis·

10 2450 17 2523 ,³
54 2481 109 2537 aa,
135 2473 167 2521 et
190 2463 321 2525 ἐπινίκια
341 2461 531 2536 celebrasse,
565 2475 654 2542 patet
672 2482 712 2522 ex
732 2482 817 2545 seqq.
840 2463 932 2526 Juus.
973 2446 1153 2546 Ἕταίρονς)

10 2532 20 2569 ⁵
59 2545 100 2606 In
116 2545 264 2604 omnibus
278 2546 368 2605 libris
385 2545 548 2629 legebatur
561 2547 697 2624 ἑτέρους·
720 2545 775 2606 sed
790 2546 889 2625 proba
901 2562 949 2608 est
963 2547 1108 2609 Palmarii
1120 2559 1155 2607 et

12 2616 18 2653 ¹
64 2627 100 2688 V
96 2631 180 2688 orstii
193 2628 392 2705 emendatio,
417 2652 510 2712 quam
526 2630 567 2689 L.
581 2626 661 2691 Cod.
676 2630 849 2688 auctoritas
863 2630 959 2690 etiam
976 2631 1152 2691 confirmat.

61 2713 188 2771 sousa.
217 2710 375 2794 Ἑταίροας
388 2713 567 2795 legendum.
590 2713 646 2771 LA
662 2711 787 2774 Cnozs.
833 2713 1152 2795 Quinqui'nquedo-

12 2782 18 2819 '¹
60 2794 195 2856 ctissimi
209 2797 291 2873 viri,
320 2796 446 2859 Polmer.
463 2796 499 2857 V
495 2813 563 2859 orat.
586 2794 730 2873 Salanus,
759 2795 809 2857 Lo
826 2795 917 2861 Groze
935 2811 968 2858 et
992 2796 1151 2875 (ἔσσονται,
1185 2846 1189 2851 .

10 2881 16 2917 ’
59 2880 94 2939 id
112 2885 162 2940 vel
175 2887 359 2965 conjectura
376 2880 517 2943 adsecuti
534 2894 628 2956 sunt,
651 2884 704 2941 vel
718 2885 913 2961 praetulere,
936 2879 1023 2964 qnod
1038 2878 1152 2942 Codex

10 2958 16 2998 ⁵
60 2965 202 3044 optimae
216 2981 314 3028 notae
326 2967 368 3028 L.
382 2966 564 3043 confirmat,
588 2985 655 3025 non
666 2963 823 3026 haesitavi
836 2963 871 3026 id
885 2965 1025 3047 recipere
1040 2977 1152 3031 eontra

10 3126 12 3137 Ι
58 3048 184 3109 turbam
200 3051 334 3112 eliorum
352 3050 581 3135 exemplarium
598 3048 705 3119 minus
726 3062 802 3133 apto
823 3050 944 3135 ἑτέρους
963 3049 1149 3134 legentium.

10 3152 12 3157 ’
55 3134 178 3193 Rarrz.
397 3154 400 3158 '
806 3180 809 3185 -

143 3218 217 3301 1³⁰3.
230 3227 303 3287 296·
317 3226 337 3285 l.
353 3229 382 3288 2.
400 3216 493 3304 Ἀρχὴ
508 3228 565 3287 ποῶ
577 3215 765 3305 ποιήματος)
786 3218 941 3280 Imitatus·
951 3217 1007 3280 hle
1023 3217 1152 3281 ridetur

57 3303 213 3365 Lucienus
233 3305 364 3364 initium
388 3308 545 3387 poematis
565 3305 760 3389 Epigondn‚
794 3302 833 3365 de
857 3323 922 3387 quo
944 3303 1095 3388 Bentlrias
1114 3302 1151 3371 iu

57 3389 165 3470 Epist.
181 3389 220 3449 ad
234 3390 281 3453 Jo.
298 3389 433 3453 Mettium
449 3412 480 3473 p.
496 3398 547 3459 62.
561 3397 613 3459 63.
634 3391 691 3451 La
709 3387 835 3451 Cnoza.
959 3386 964 3395 '
1143 3420 1147 3427 ·

143 3472 221 3538 End.
237 3480 258 3535 l.
272 3481 301 3539 7.
327 3474 545 3553 Μοοαπτόμ
556 3475 663 3554 evoe]
686 3477 739 3536 De
759 3471 943 3556 Pythagora
958 3464 1049 3531 fabas
1062 3489 1150 3531 aver·

59 3571 150 3618 santa
167 3557 234 3620 vid.
249 3561 350 3619 Diali.
368 3562 483 3623 Mortt.
497 3560 577 3638 XX,
593 3568 625 3628 8.
637 3573 670 3618 et
683 3559 748 3624 vit.
763 3559 857 3619 Aust.
874 3576 902 3619 ο.
912 3555 1070 3637 fitihiqns
1084 3549 1149 3613 Ad·

58 3656 171 3703 notata
187 3647 277 3704 Tum.
294 3645 387 3723 tt.·p.
401 3652 475 3712 602.
493 3666 540 3726 sq.
561 3661 594 3705 et
611 3646 650 3704 T.
665 3644 727 3706 111.
745 3663 778 3725 p.
792 3646 865 3709 506.
881 3661 927 3720 sq.
946 3640 1072 3701 Lunna.
1123 3656 1145 3681 '-

140 3727 218 3790 Eod.
232 3733 252 3789 l.
269 3736 319 3796 12.
340 3724 530 3814 Ἐπιμανῶς)
554 3734 690 3807 Κίνυρος
706 3724 770 3810 ἤρα
782 3722 877 3791 notis
895 3720 1080 3809 ᾔδη’χρὸνον
1094 3726 1151 3805 τῆς

54 3806 193 3894 Ἑλένης,
216 3815 268 3878 καὶ
280 3812 355 3896 αὕτη
371 3815 403 3881 δὲ
420 3809 476 3879 ode
494 3809 616 3895 ἀφανὴς
629 3810 669 3894 ἦν
684 3817 836 3892 ἐπιμανῶς
854 3805 1001 3893 drausione
1014 3804 1068 3873 τὸν
1081 3832 1148 3873 νεα·

55 3899 172 3960 νίσιιον.
206 3900 289 3960 Satis
308 3913 392 3961 certe
406 3899 524 3961 usitato
539 3897 695 3983 loquendi
709 3895 805 3958 ruodo
822 3892 943 3955 dicitur
955 3892 1010 3954 hio
1023 3894 1146 3955 Helen·

56 3983 207 4061 ἐπιμανῶς
228 3981 379 4066 ἀγαπῶσα.
424 3983 486 4048 Sed
507 4006 582 4046 eoos
601 3983 796 4045 scholiastes
816 4001 883 4042 non
901 3980 1070 4058 ἐπιμανῶς,
1091 3973 1148 4038 sed

57 4067 180 4145 ἕπινῶς,
204 4071 270 4152 legi
292 4076 378 4149 vult,
402 4069 500 4156 idque
523 4069 660 4154 exponit
683 4071 919 4151 ἕφελκοοιιιιῶς,
941 4062 1060 4128 addans
1082 4063 1150 4128 ἐπι·
