2634 4680
294 305 334 352 ru
360 299 486 352 ventu
510 300 712 352 msnortrau
737 302 813 350 nra.
834 302 860 351 1.
1053 285 1127 362 651

10 448 243 534 iMereorotog.
258 456 288 518 δ
300 446 355 524 τὰς
370 449 519 529 ἐκλείψεις
529 454 585 531 τῆς
598 445 735 531 Σελήνης
749 446 888 522 dixisse,
912 461 944 510 et
956 442 1130 532 posthunc

10 538 133 622 *Polym
149 537 195 613 V,
208 541 260 604 78.-
276 534 352 594 item
371 532 527 596 Plutarch.
549 532 585 592 in
602 532 675 597 libr.
692 533 734 594 de
753 531 838 593 facie
854 531 890 591 in
914 535 990 596 orbe
1013 538 1130 601 Lunae
1153 583 1156 587 -

27 643 98 682 non
111 623 226 690 semel,
254 639 315 678 nco
330 637 396 678 non
410 618 500 699 Diog.
513 617 619 680 Later.
635 617 783 679 Proocm.
798 615 829 698 δ.
843 623 875 684 2.
891 620 961 700 jure
976 618 1056 683 huic
1072 643 1130 705 op·

10 706 128 790 ·ponit
141 702 292 779 Ποίημα,
315 723 332 762 a
351 721 417 783 quo
434 699 513 763 haec
530 699 679 765 dasnmsi.
702 703 827 761 Rure.

115 788 194 851 End.
207 793 288 854 1.17.
306 781 487 868 Ὁμήρους)
510 784 587 848 vid.
606 786 757 867 TlaMog.
772 782 975 866 varelwast.
998 789 1129 853 Sonant.

10 894 14 930 t
116 872 197 935 Ιδίδ.
215 869 292 935 Ἐπί
302 865 441 952 τούτοις)
462 868 586 951 Insuper
598 884 721 933 vertere
731 868 842 932 Bened.
858 885 891 932 et
904 871 1067 935 Parisinus
1080 875 1131 935 in·

10 958 166 1105 zpprpres.
206 953 273 1020 Sed
282 952 349 1018 vid.
365 973 447 1038 quae
468 974 545 1015 mox
559 951 601 1016 sd
620 973 701 1017 vers.
722 954 801 1015 binc
823 954 953 1017 tertium
972 955 1131 1025 dicentur.

64 1065 155 1102 1sz.

117 1127 191 1207 Peg.
207 1128 281 1192 249.
293 1127 315 1188 1.
335 1129 364 1190 1.
392 1128 439 1210 Τῇ
449 1123 631 1208 προτεραίᾳ)
654 1121 729 1183 Hoc
742 1119 847 1188 videri
861 1143 902 1185 cx
916 1123 1050 1209 ssueyd.
1066 1126 1132 1203 ΠΙ,
1246 1154 1249 1159 ·

29 1220 84 1283 36.
100 1209 291 1278 desumtum,
314 1221 462 1290 recteque
477 1209 640 1293 προτεραίᾳ
652 1204 761 1280 scribi,
785 1205 864 1288 (pro
879 1211 1020 1295 προτέρᾳ.
1043 1211 1132 1292 quod

31 1299 69 1359 in
87 1293 254 1354 nonnullis
280 1290 465 1376 Tlucydidis
488 1290 721 1373 exemplaribus
740 1295 847 1368 erst‚)
869 1290 936 1352 vid.
955 1314 1007 1376 ap.
1022 1293 1132 1361 Duker.

32 1379 73 1441 ad
89 1378 222 1463 Thucyd.
240 1377 324 1453 vlt,
341 1383 393 1445 61.
416 1375 473 1436 ubi
489 1373 595 1438 ethos
613 1375 747 1437 Luciom’
766 1375 956 1437 testimonio
973 1392 1023 1439 est
1043 1399 1132 1443 usus.

32 1465 183 1546 Intelligi
198 1476 302 1524 autem
318 1457 575 1547 ἡμέρᾳνίδοιιιτ,
606 1458 692 1544 quod
715 1457 802 1542 apud
828 1460 962 1545 ilsucyd.
985 1459 1130 1537 additum

33 1549 83 1611 sit
98 1547 201 1608 enim:
223 1552 262 1632 τῇ
278 1546 331 1626 μὲν
342 1548 505 1633 προτεραίᾳ
516 1543 595 1629 πρδς
608 1543 646 1608 τὰ
666 1547 745 1624 τείχη
758 1548 819 1608 τῶν
835 1536 1018 1626 ’Λθηναίων
1035 1572 1133 1631 προς·

33 1635 160 1715 ίβαίίον
180 1665 225 1680 -
245 1627 399 1717 καὶταύτῃ
425 1630 479 1711 μὲν
500 1637 543 1715 τῇ·
557 1624 655 1715 ἡμέρα
675 1624 870 1711 ἀπεχώρησεν
888 1625 910 1708 si
931 1628 1052 1713 στρατιὰ
1072 1638 1132 1697 τοῖν

34 1719 274 1798 Συρακουσίων·
296 1742 332 1802 τῃ
346 1709 373 1778 δ’
388 1708 530 1802 ύστεραίρι
542 1728 601 1776 etc.
644 1713 718 1774 Etsi
730 1714 874 1800 ἐκκλησία
893 1733 1023 1796 quoque
1036 1715 1133 1778 intel.

32 1803 96 1885 ligi
120 1814 234 1883 queat,
262 1814 301 1861 ut
327 1797 392 1861 vid.
414 1797 454 1859 ad
472 1819 499 1862 c.
517 1806 565 1865 11.
586 1796 685 1878 ejusd.
699 1797 756 1862 lib.
772 1797 894 1860 Noster
906 1821 1031 1860 rursum
1046 1808 1074 1868 1.
1090 1801 1131 1866 V.

34 1887 124 1948 nist.
138 1885 161 1948 f.
177 1898 211 1945 et
225 1884 317 1946 Asin.
332 1903 360 1945 c.
373 1890 426 1950 42.
440 1897 473 1944 et
488 1880 578 1944 alibi.
600 1882 725 1942 Rerrz.

119 1966 198 2030 End.
211 1973 235 2032 l.
251 1977 281 2037 3.
302 1963 381 2032 Ἐπί
393 1963 529 2041 τούτοις)
546 1959 623 2030 Ἐπί
636 1964 675 2027 de
688 1964 895 2044 conditione,
919 1967 953 2028 iu
967 1960 1061 2051 quem
1074 1968 1132 2028 ali.

35 2050 116 2138 quid
132 2053 344 2134 paciscimur,
366 2051 530 2134 frequens.
558 2049 725 2112 Herodian.
742 2051 775 2126 Ι,
792 2051 904 2128 111‚5.
929 2050 1048 2128 Καινδς
1060 2049 1134 2133 ἡδο·

35 2135 95 2210 νδς
109 2138 157 2201 dcci
171 2140 319 2223 μεγίστοις
332 2144 455 2219 μισθοῖς
474 2138 618 2219 ίδηρᾶτο.
660 2136 706 2195 Et
718 2134 796 2201 ibid.
810 2158 836 2201 c.
849 2144 891 2209 2,
906 2143 937 2202 2.
961 2134 1134 2202 {721⁶va-

35 2227 118 2300 ξεσιν
139 2218 197 2286 orie
221 2217 500 2303 εὐκαταφρονήτως
522 2226 632 2285 καλῶν.
675 2217 828 2300 Apertius
845 2219 929 2302 apud
949 2220 1044 2282 eund.
1060 2222 1132 2299 ΙΙΙ,

38 2315 90 2375 12.
109 2305 179 2388 ipso
195 2328 241 2389 pr.
259 2300 335 2372 'Eoi
349 2302 471 2381 ταύταις
485 2302 524 2387 δὴ
538 2312 605 2378 ταῖς
628 2302 799 2386 συνθήκαις
816 2301 953 2371 desiduis»
976 2300 993 2370 δ
1015 2305 1135 2389 χιίιύρ-

36 2417 103 2476 χης.
145 2392 254 2453 Noster
267 2390 352 2451 infra
369 2389 515 2472 Philops.
531 2389 560 2474 δ.
577 2396 626 2457 16.
650 2390 699 2453 ἐπὶ
716 2397 820 2476 μισθῷ
829 2385 948 2478 μεχύίρο
965 2386 1134 2469 ἄτταίίύξας

36 2484 100 2541 τοῖν
117 2480 230 2542 δεινοῖν.
258 2476 357 2559 Long.
380 2476 466 2537 Post.
480 2482 509 2542 2.
526 2496 560 2557 p.
574 2482 627 2543 81.
645 2472 706 2534 Εδ.
724 2474 871 2557 Iungam.
884 2468 957 2562 ᾖσεν
973 2477 1021 2541 ἐπὶ
1034 2481 1136 2562 μισθῷ

36 2559 139 2644 τράγῳ
160 2563 211 2626 καί
234 2558 361 2643 σύριγγι.
402 2559 555 2641 Inprimis
578 2579 654 2620 vero
669 2561 809 2623 solemne
821 2557 985 2621 historicis
999 2563 1048 2625 ίτιί
1061 2559 1137 2626 τού-

38 2669 104 2718 τοις
118 2658 149 2704 et
162 2646 212 2707 ίττί
224 2649 319 2716 τοῖςδε
336 2642 461 2713 dicere,
483 2643 518 2701 in
539 2640 756 2705 describendis
775 2641 914 2705 foederis
934 2643 1137 2707 conditioni·

39 2728 109 2790 bus.
156 2725 324 2810 Thucydid.
339 2725 438 2801 Vlll,
457 2734 504 2794 18.
523 2747 569 2807 pr.
587 2720 664 2791 ’unt
678 2729 775 2800 τοῖςδε
788 2730 955 2809 ξυμμαχίαν
975 2726 1137 2810 &notrices-

36 2806 373 2959 κυνέοντι
391 2807 1138 2978 ῐκνξκκικὲκίνι,,δοκεῖ

38 2994 155 3064 petam.
199 2980 242 3040 Ar
256 2984 318 3063 jam
333 2977 524 3057 videndum,
548 3000 589 3040 an
607 2980 708 3062 igitur
723 2942 858 3061 δμήρδυς
871 2983 919 3046 tut
931 2977 1053 3056 τούτοις
1067 2986 1137 3046 dori·

36 3091 105 3141 ναι,
126 3061 214 3145 quod
229 3062 325 3124 modo
339 3064 527 3143 praecessit,
545 3084 612 3124 non
625 3062 724 3124 simili
737 3065 804 3126 fere
818 3063 913 3126 modo
927 3063 1136 3143 reddendum,
1246 3060 1250 3069 ’

38 3147 154 3211 obsides
166 3146 281 3209 donin
297 3148 352 3208 ίιοε
370 3148 569 3225 conditiones,
592 3149 615 3209 i.
633 3171 660 3212 e.
674 3169 710 3209 se
732 3147 767 3207 in
791 3147 886 3210 fidem
909 3149 1138 3231 promissorum

40 3233 168 3295 obsides
183 3230 324 3296 daturos.
368 3233 479 3293 Potest
493 3234 540 3294 sic
552 3233 711 3317 intelligi,
742 3247 907 3295 notamen
930 3258 1016 3317 super·
1035 3235 1137 3314 verti,

38 3339 107 3378 non
123 3320 256 3399 insuper3
277 3336 350 3377 nam
372 3316 518 3380 obsidum
533 3316 666 3379 traditio
682 3338 748 3378 non
770 3315 850 3379 adeo
865 3332 914 3379 est
931 3339 1017 3379 nova
1030 3319 1137 3394 actio,

39 3400 96 3463 ced
113 3400 318 3461 continuatio
336 3415 368 3463 et
382 3401 584 3463 confirmatio
599 3402 727 3484 prioris.
772 3402 844 3462 Etsi
863 3422 931 3462 uon
953 3400 1033 3464 adeo
1053 3406 1138 3465 mul·
1189 3412 1198 3431 ’“

41 3502 110 3547 tum
129 3485 277 3562 intersit,
296 3485 404 3569 siquis
420 3507 537 3546 novam
552 3488 711 3548 actionem
724 3499 862 3562 statuat,
890 3500 923 3548 et
935 3487 1053 3569 iusuper
1069 3506 1140 3548 ver·

40 3584 99 3643 tat,
121 3591 193 3630 cum
209 3567 380 3629 distinctio
393 3574 502 3650 paullo
516 3575 627 3653 major,
642 3591 736 3652 quarn
749 3569 884 3652 simplex
897 3591 1029 3648 comma,
1050 3566 1151 3652 ptos-⁰

41 3653 154 3727 cedat3
186 3673 281 3736 quam
306 3651 549 3715 distinctionem
568 3653 754 3717 servandam
771 3652 872 3732 duxi,
894 3669 933 3715 ut
948 3669 1017 3719 erat
1031 3655 1065 3715 in
1081 3656 1141 3717 Pa·

40 3739 97 3799 ris.
113 3758 149 3797 ac
164 3738 329 3799 nonnullis
343 3738 434 3814 aliis,
458 3741 533 3819 quia
557 3758 678 3800 novum
697 3737 826 3799 verbum
848 3736 957 3821 ἤθελεν
977 3741 1140 3823 seqnitur,

42 3819 131 3906 quod
147 3822 356 3903 posteriorem
369 3842 496 3883 sensum
510 3823 712 3905 aliquantum
729 3838 835 3884 tamen
851 3822 974 3884 dirimit
989 3846 1007 3884 a
1022 3825 1139 3906 priori·

43 3906 119 3980 buc,
156 3927 238 3989 quae
256 3905 296 3967 ab
317 3906 382 3967 alio
412 3906 509 3968 verbo
531 3906 690 3989 pendent,
726 3907 875 3968 nimirum
897 3905 936 3968 ab
957 3903 1138 3992 ύττισχνείτο.

42 3990 126 4051 Nam
143 3991 191 4052 ἐπί
202 3985 321 4066 τούτοις
337 4007 370 4051 et
390 3992 468 4052 alibi
483 4008 568 4053 recte
582 4007 688 4054 vertas
707 3995 840 4073 insuper,
863 3996 914 4053 vel
924 4010 1009 4074 post,
1031 4009 1068 4054 ut
1088 4015 1138 4072 ap.

43 4074 200 4158 Aristoph.
214 4075 262 4137 Pl·
277 4081 330 4147 ot.
346 4073 398 4141 Ἤ
404 4073 476 4143 crini
488 4073 610 4155 τούτοις
624 4082 697 4163 δρῶ.
740 4077 785 4143 Et
800 4074 880 4144 ibid.
896 4084 987 4148 1002„
999 4080 1051 4147 καί
1062 4075 1141 4164 τρίς
