2634 4680
336 271 473 358 vuaus'
491 304 695 384 msromsa
716 308 789 356 m.
818 310 844 360 1.
1052 289 1131 388 235
1201 314 1204 320 ·

89 458 233 530 σταδίους
245 461 323 540 τρεῖς
337 451 397 521 cini
409 462 462 537 τῆς
473 451 626 534 θαλᾶτνης
640 451 682 518 δι’
696 450 787 536 ὅλης,
811 449 928 538 δριῖμίν
939 479 1007 520 τινα
1020 454 1166 541 στῄληνρ.
1175 477 1220 537 25.

86 565 204 641 χαλκοῦ
217 559 439 640 πεποιημένην,
459 553 649 638 Ἑλληνικοῖς
662 552 813 640 γράμμασι
833 562 1131 653 ραταγεγραμμὲνην,

89 656 240 743 ἀμυδροῖς
269 662 317 737 δὲ,
360 665 411 725 καί
438 661 689 743 ἐκτετριμμένοις,
725 660 885 742 λέγουσαν·
907 657 996 742 ’Ἁχρι
1018 659 1132 730 τούτων

85 759 241 846 Ἡρακλῆς
253 765 291 839 ¹¹)
312 763 364 827 καλ
378 759 532 837 Διόνυσος
554 757 713 842 ἐφίκοντο.
734 749 774 841 ἦν
789 760 883 824 δὲκαὶ
898 763 967 843 ίηνη
982 759 1038 828 δύο
1055 773 1131 848 πλη-

89 869 159 932 σίον
173 868 223 933 ἐπὶ
238 867 363 948 πέτρας,
380 861 503 945 τδμὲν,
525 871 725 946 πλεθριαῖον,
749 860 782 927 τδ
798 857 830 927 δ’
845 866 883 940 ¹)
905 866 1041 930 ἔλαττον·
1065 870 1133 950 ἐμοὶ
1188 853 1191 857 ’

89 975 193 1048 δοκεῖν
214 965 267 1050 7),
289 964 324 1031 ιδ
337 966 408 1046 μὲν,
429 973 486 1030 τοῦ
499 965 657 1030 Διονύσου
671 963 706 1030 τδ
720 960 896 1049 μικρότερον
902 1013 913 1043 ,
937 959 1070 1050 θάτερον
1084 971 1116 1036 δὲ

82 1066 277 1154 Ἡρακλέους.
304 1064 565 1150 προςκυνῄσαντες
585 1057 642 1134 οὖν
658 1068 713 1144 ¹),
734 1065 897 1152 προῄειμεν
912 1066 957 1151 ⁸).
982 1068 1067 1135 οὔπω
1089 1063 1131 1139 δὲ’

86 1172 165 1240 πολδ
185 1163 416 1258 παρῄειμεΰ),
438 1174 489 1235 καλ
510 1167 698 1251 ἐφιστάμεθα
721 1175 848 1255 ποταμῷ
870 1165 956 1235 οίνον
969 1169 1004 1254 ⁰)
1026 1175 1126 1256 ῥέοντι

86 1273 273 1360 ὅμοιοιιίτῳ,
293 1269 503 1354 μάλισταοίός
516 1297 572 1354 περ
586 1265 623 1355 ¹¹)
645 1265 663 1335 δ
679 1267 758 1345 Χῖός
770 1273 859 1336 ἐστιν.
881 1266 1027 1352 ἄφθονον
1042 1279 1073 1341 δὲ
1085 1268 1128 1358 ἦν

86 1378 121 1445 κδ
136 1379 170 1461 e)
192 1381 309 1461 ῥεῦμα,
331 1377 383 1439 καῖ
402 1373 498 1452 πολεῖ,
530 1371 603 1450 ὥςτε
625 1377 748 1455 ἐνιαχοῦ
767 1375 820 1438 καί
840 1366 1029 1459 ναυσίπορον
1051 1376 1130 1447 εἶναι

42 1554 47 1563 ,
86 1477 250 1547 δύνασθαι.
280 1476 367 1564 ἐπῄει
391 1471 448 1543 οὖν
466 1473 543 1561 ἡμῖν
565 1474 643 1542 πολδ
661 1483 774 1558 μᾶλλον
793 1473 945 1542 πιστεύειν
956 1485 999 1566 τῷ
1011 1482 1062 1551 ε’,πῖ
1075 1488 1131 1564 τῆς
1187 1518 1190 1523 1
1235 1464 1238 1470 Ι
1294 1474 1303 1492 “

87 1580 201 1665 στήλης
214 1577 427 1665 ἐπιγράμματι,
451 1577 545 1664 δρῶσι
557 1577 592 1643 ni
606 1588 715 1661 σημεῖα
726 1575 948 1670 τῆςιΔιονιῖσου
962 1583 1130 1666 ἐπιδημίας.

87 1683 182 1763 δόξαν
194 1686 227 1749 δέ
239 1710 292 1766 μοι
303 1687 372 1760 καί,
397 1681 472 1748 ὅθεν
484 1680 604 1765 duxerat
621 1679 638 1748 δ
651 1678 787 1763 ποταμδς
795 1725 806 1757 ,
827 1694 1033 1764 καταμαθεῖν,
1057 1682 1139 1773 οἶνῄ.Δ

86 1813 134 1854 ειν
148 1784 232 1872 παρὰ
244 1783 278 1850 κδ
292 1789 403 1867 ῥεῦμα·
426 1787 477 1848 καί
490 1780 592 1869 πηγὴν
603 1785 656 1864 μὲν
668 1776 814 1863 οὗδεμίαν
827 1774 917 1866 εὗρον
931 1780 1036 1864 αὐτοῦ,
1058 1794 1142 1869 πολ·Ι

157 1937 233 1991 Edd.
254 1935 385 1989 ornnes.“
435 1936 474 1999 u)
491 1927 684 2005 Ἡρακλῆς]
711 1927 879 2001 ,,Ἠρακλεῖς
897 1936 921 1991 J.
944 1936 1004 1988 sola
1027 1939 1133 1992 male.“

156 2014 193 2073 x)
212 2002 250 2060 τδ
269 2003 321 2072 δ’]
339 2003 373 2057 τδ
388 1999 508 2071 dignu.
524 2007 683 2058 schmteder.
728 2007 766 2073 y)
784 2003 862 2072 ἐμοί
879 2005 1020 2074 δοκεῖν]
1040 1998 1132 2060 Βοέεί-

157 2078 201 2128 tui
216 2076 298 2127 colon
311 2083 376 2142 post
387 2073 513 2139 ἔλαττον,
532 2074 608 2144 quod
620 2075 709 2124 Βάκι.
724 2083 751 2125 et
765 2083 881 2127 recentt.
891 2084 961 2156 post
974 2077 1068 2129 δοκεῖν
1078 2095 1130 2146 po·

156 2154 286 2211 suerunt,
307 2152 406 2194 contra
421 2143 491 2196 Edd.
506 2155 631 2195 veterum
645 2142 871 2210 distinctionem,
890 2152 918 2194 et
932 2144 988 2207 lpci
1007 2163 1130 2213 sensum,

158 2231 244 2283 quem
266 2215 434 2279 interpretes
454 2223 530 2264 recte
550 2213 734 2264 reddiderunt
753 2212 807 2277 ita,
831 2221 864 2264 ut
883 2209 946 2280 ἐμοὶ
965 2215 1072 2282 δοκεῖν,
1098 2225 1132 2268 ut

155 2293 296 2352 parerat,
315 2281 351 2332 ad
365 2282 508 2350 sequentia
523 2282 669 2334 referrent.
712 2285 744 2348 κ)
764 2278 845 2347 οὖν]
865 2281 895 2335 δ’
912 2275 965 2337 στίν
978 2301 1057 2350 3⁰¹1·
1093 2287 1131 2352 a)

157 2350 377 2424 προῄειμεν]
396 2349 462 2415 „Sic
477 2360 553 2402 recte
573 2351 644 2403 Edd.
663 2359 690 2400 et
702 2352 732 2403 P.
746 2351 871 2421 προῇμεν
885 2354 959 2404 male
975 2353 1038 2407 Fl.“
1090 2353 1129 2416 h)

156 2419 381 2492 παρῄειμεν]
399 2421 548 2488 ,,παρη”μεν
562 2422 623 2473 Fl.“
640 2416 768 2492 παρῄμεν
782 2438 857 2490 2954·
893 2427 927 2489 c)
947 2418 1069 2491 οίνον]
1089 2423 1132 2476 οί-

156 2511 198 2562 ap
214 2493 288 2557 conj.
307 2491 398 2541 Solon.
430 2491 481 2542 Sed
495 2491 551 2542 vid.
568 2491 670 2544 Adnot.
705 2493 742 2557 d)
762 2489 1008 2561 οίόςπερ]Ιῑιι
1022 2497 1086 2561 Bip.
1102 2501 1131 2544 et

158 2562 261 2627 Seium„
280 2559 418 2628 probante
430 2560 541 2625 Belino,
561 2576 577 2611 e
593 2559 682 2612 Codd.
699 2573 776 2628 2954.
791 2570 924 2628 et3011.,
943 2561 978 2612 ad
994 2578 1063 2629 quos
1073 2564 1131 2626 jam

157 2630 243 2681 etism
252 2629 333 2681 Gorl.
350 2628 467 2680 accedit.
504 2629 583 2691 Olim
597 2629 732 2681 omissum
748 2640 876 2699 εεοῐπερ.
912 2632 946 2694 e)
964 2626 1023 2695 εδ]
1042 2631 1129 2701 vulgo

160 2699 296 2752 omissum
310 2698 496 2750 restituerunt
505 2701 585 2767 Bipp.
600 2708 628 2751 et
643 2699 730 2753 setam.
747 2714 852 2766 e5011.
866 2709 1069 2768 praemonente
1079 2703 1133 2750 Be-

89 2851 177 2914 tum,
215 2851 372 2918 peterent.
421 2836 588 2920 Progressi
632 2849 738 2897 sutem
758 2841 892 2896 multum
918 2838 1080 2918 progressi
1099 2860 1131 2899 e·

90 2943 170 2984 vero
187 2944 244 3005 per
266 2924 377 2981 silvanr
401 2920 505 2981 stadia
529 2921 588 2979 cir·
631 2941 754 2997 ramus,
790 2943 861 2980 cum
890 2919 1048 2982 adstamus
1072 2919 1131 2980 flu·

91 3007 174 3068 citer
197 3030 215 3069 a
241 3008 321 3065 mari
342 3006 420 3081 tria,
444 3005 589 3066 videmus
631 3008 709 3083 vio,
733 3007 788 3088 qui
801 3006 981 3064 simillimus
996 3007 1130 3066 omniuo

91 3095 273 3152 columnam
308 3111 347 3150 ex
378 3111 449 3150 sere
471 3092 588 3150 factam
633 3105 715 3152 esset
733 3091 843 3156 viuum
865 3088 1000 3166 fluenti,
1030 3091 1133 3149 maxi.

92 3175 223 3236 Graecis
250 3175 438 3257 inscriptam
468 3173 589 3248 literis,
632 3197 683 3236 me
703 3180 797 3258 quale
814 3175 932 3235 Chium
954 3191 1012 3236 est.
1056 3176 1132 3235 Flu.

92 3259 237 3320 obscuris
250 3275 354 3320 autern
366 3275 398 3320 et
410 3260 530 3332 exesis,
554 3258 590 3317 in
633 3282 705 3321 men
725 3276 790 3320 orat
811 3261 977 3343 copiosum
999 3272 1031 3322 et
1054 3263 1133 3318 mul·

92 3343 409 3405 bonosententiam:
445 3344 518 3404 Huc
535 3369 592 3404 us·-
633 3359 712 3422 tum,
735 3344 1166 3427 utquibusdsmlocisetr

92 3428 502 3512 quHerculesetBacc'luas
517 3454 592 3511 per·
636 3431 698 3489 iam
713 3446 822 3511 posset
839 3429 995 3511 navigari,
1025 3428 1135 3488 Subiit

92 3534 220 3577 mnan·
250 3516 350 3573 Erant
369 3529 472 3574 autem
496 3514 598 3573 vesti·⁴
636 3529 813 3597 crgotanto
827 3515 926 3597 magis
943 3510 1070 3574 credere
1084 3513 1135 3571 in·

95 3599 149 3682 gia
164 3598 231 3658 duo
250 3619 350 3678 prope
367 3599 401 3656 in
419 3612 526 3677 petra,
550 3603 593 3658 al·
636 3600 808 3681 scriptioni
840 3604 1027 3674 columnae,
1061 3616 1135 3657 oum

95 3696 198 3744 terum
221 3683 323 3766 jugeri
349 3681 591 3766 magnitudine,
636 3685 726 3766 signa
741 3683 940 3763 praesentiae
952 3680 1073 3743 Bacchi
1086 3680 1136 3740 vi·

95 3770 229 3828 alterum
247 3788 323 3827 vero
340 3767 455 3826 minus.
477 3767 594 3826 Utrui·
636 3767 790 3829 daremus.
837 3766 917 3826 Cum
932 3782 1037 3829 autem
1053 3764 1136 3826 mihi
1176 3761 1192 3775 '

94 3850 346 3929 triturabatur,
380 3850 501 3912 Bacchi
527 3865 595 3912 erat
636 3856 778 3932 placeret
800 3850 939 3927 discere,
963 3849 1048 3912 unde
1068 3851 1138 3910 ori·

96 3936 206 3997 minus
229 3935 329 4014 iuud,
361 3940 493 3998 alterum
518 3942 595 3995 vero
638 3951 727 3994 retur
740 3933 867 4013 fluvius,
890 3935 1024 3997 adverso
1042 3928 1148 3994 itiner-¹

96 4020 258 4081 Herculis.
312 4019 464 4081 Adoratis
496 4020 597 4103 igitur
640 4040 675 4080 ro
689 4025 781 4102 juxta
802 4018 1013 4100 profluentem
1033 4039 1138 4100 perre-

98 4105 177 4181 Diis,
187 4103 421 4191 progredimur.
443 4102 598 4167 Nondum
641 4105 701 4167 xi.-
732 4105 781 4166 Ao
799 4106 923 4169 fontem
944 4103 1073 4188 quidem
1100 4102 1139 4163 il-
