<?xml version="1.0" encoding="UTF-8"?>
<!DOCTYPE html PUBLIC "-//W3C//DTD XHTML 1.0 Transitional//EN"
    "http://www.w3.org/TR/xhtml1/DTD/xhtml1-transitional.dtd">
<html xmlns="http://www.w3.org/1999/xhtml" xml:lang="en" lang="en">
 <head>
  <title>
</title>
<meta http-equiv="Content-Type" content="text/html;charset=utf-8" />
  <meta name='ocr-system' content='tesseract 3.04.00' />
  <meta name='ocr-capabilities' content='ocr_page ocr_carea ocr_par ocr_line ocrx_word'/>
</head>
<body>
  <div class='ocr_page' id='page_1' title='image "./lucianisamosate00lehmgoog_0481.png"; bbox 0 0 2634 4680; ppageno 0'>
   <div class='ocr_carea' id='block_1_1' title="bbox 149 216 979 291">
    <p class='ocr_par' dir='ltr' id='par_1_1' title="bbox 149 216 979 291">
     <span class='ocr_line' id='line_1_1' title="bbox 149 216 979 291; baseline -0.001 -9"><span class='ocrx_word' id='word_1_1' title='bbox 149 216 226 291; x_wconf 56' lang='lat' dir='ltr'><strong>lm</strong></span> <span class='ocrx_word' id='word_1_2' title='bbox 415 233 979 283; x_wconf 75' lang='lat' dir='ltr'><strong>nouorartours</strong></span> 
     </span>
    </p>
   </div>
   <div class='ocr_carea' id='block_1_2' title="bbox 205 373 1255 465">
    <p class='ocr_par' dir='ltr' id='par_1_2' title="bbox 205 373 1255 465">
     <span class='ocr_line' id='line_1_2' title="bbox 205 373 1255 465; baseline 0.001 -21"><span class='ocrx_word' id='word_1_3' title='bbox 205 452 210 457; x_wconf 48' lang='grc'>,</span> <span class='ocrx_word' id='word_1_4' title='bbox 233 380 306 463; x_wconf 77' lang='lat' dir='ltr'><strong>Peg·</strong></span> <span class='ocrx_word' id='word_1_5' title='bbox 325 386 393 447; x_wconf 79' lang='lat' dir='ltr'><strong>tta.</strong></span> <span class='ocrx_word' id='word_1_6' title='bbox 408 382 431 448; x_wconf 81' lang='lat' dir='ltr'><strong>l&#39;.</strong></span> <span class='ocrx_word' id='word_1_7' title='bbox 447 386 477 445; x_wconf 84' lang='lat'><strong>2.</strong></span> <span class='ocrx_word' id='word_1_8' title='bbox 507 376 595 453; x_wconf 80' lang='grc' dir='ltr'><strong>Τινὸς</strong></span> <span class='ocrx_word' id='word_1_9' title='bbox 613 377 671 465; x_wconf 71' lang='grc' dir='ltr'><strong>λέγ.</strong></span> <span class='ocrx_word' id='word_1_10' title='bbox 687 373 819 463; x_wconf 69' lang='grc' dir='ltr'><strong>ἀνδρὸς)</strong></span> <span class='ocrx_word' id='word_1_11' title='bbox 847 378 924 440; x_wconf 86' lang='grc' dir='ltr'><strong>Νοιι</strong></span> <span class='ocrx_word' id='word_1_12' title='bbox 949 398 1083 461; x_wconf 81' lang='lat' dir='ltr'><strong>possum</strong></span> <span class='ocrx_word' id='word_1_13' title='bbox 1105 378 1169 441; x_wconf 86' lang='lat' dir='ltr'><strong>hic</strong></span> <span class='ocrx_word' id='word_1_14' title='bbox 1186 404 1255 445; x_wconf 76' lang='lat' dir='ltr'><strong>eum</strong></span> 
     </span>
    </p>
   </div>
   <div class='ocr_carea' id='block_1_3' title="bbox 42 460 1257 545">
    <p class='ocr_par' dir='ltr' id='par_1_3' title="bbox 42 460 1257 545">
     <span class='ocr_line' id='line_1_3' title="bbox 42 460 1257 545; baseline 0.001 -17"><span class='ocrx_word' id='word_1_15' title='bbox 42 506 47 521; x_wconf 67' lang='grc' dir='ltr'><strong>ι</strong></span> <span class='ocrx_word' id='word_1_16' title='bbox 149 464 222 528; x_wconf 71' lang='lat' dir='ltr'><strong>viro</strong></span> <span class='ocrx_word' id='word_1_17' title='bbox 238 464 356 528; x_wconf 82' lang='lat' dir='ltr'><strong>eximio</strong></span> <span class='ocrx_word' id='word_1_18' title='bbox 372 476 404 524; x_wconf 86' lang='lat' dir='ltr'><strong>et</strong></span> <span class='ocrx_word' id='word_1_19' title='bbox 419 460 458 524; x_wconf 90' lang='lat' dir='ltr'><strong>de</strong></span> <span class='ocrx_word' id='word_1_20' title='bbox 471 483 521 525; x_wconf 88' lang='lat' dir='ltr'><strong>me</strong></span> <span class='ocrx_word' id='word_1_21' title='bbox 536 462 658 544; x_wconf 90' lang='lat' dir='ltr'><strong>optime</strong></span> <span class='ocrx_word' id='word_1_22' title='bbox 671 463 785 524; x_wconf 90' lang='lat' dir='ltr'><strong>merito</strong></span> <span class='ocrx_word' id='word_1_23' title='bbox 799 464 933 542; x_wconf 80' lang='lat' dir='ltr'><strong>sentire,</strong></span> <span class='ocrx_word' id='word_1_24' title='bbox 958 464 1015 545; x_wconf 90' lang='lat' dir='ltr'><strong>qni</strong></span> <span class='ocrx_word' id='word_1_25' title='bbox 1029 462 1115 525; x_wconf 89' lang='lat' dir='ltr'><strong>haec</strong></span> <span class='ocrx_word' id='word_1_26' title='bbox 1130 462 1178 527; x_wconf 83' lang='lat' dir='ltr'><strong>de</strong></span> <span class='ocrx_word' id='word_1_27' title='bbox 1195 467 1257 531; x_wconf 77' lang='lat' dir='ltr'><strong>ulio</strong></span> 
     </span>
    </p>
   </div>
   <div class='ocr_carea' id='block_1_4' title="bbox 149 544 1262 802">
    <p class='ocr_par' dir='ltr' id='par_1_4' title="bbox 149 544 1262 802">
     <span class='ocr_line' id='line_1_4' title="bbox 149 544 1262 635; baseline 0.001 -24"><span class='ocrx_word' id='word_1_28' title='bbox 149 546 349 635; x_wconf 81' lang='lat' dir='ltr'><strong>philosopho</strong></span> <span class='ocrx_word' id='word_1_29' title='bbox 366 544 450 606; x_wconf 88' lang='lat' dir='ltr'><strong>dicta</strong></span> <span class='ocrx_word' id='word_1_30' title='bbox 471 550 550 628; x_wconf 84' lang='lat' dir='ltr'><strong>vult.</strong></span> <span class='ocrx_word' id='word_1_31' title='bbox 595 547 762 607; x_wconf 85' lang='lat' dir='ltr'>Dicuntur</span> <span class='ocrx_word' id='word_1_32' title='bbox 776 563 861 609; x_wconf 83' lang='lat' dir='ltr'><strong>certe</strong></span> <span class='ocrx_word' id='word_1_33' title='bbox 877 545 916 609; x_wconf 90' lang='lat' dir='ltr'><strong>de</strong></span> <span class='ocrx_word' id='word_1_34' title='bbox 932 547 1133 610; x_wconf 80' lang='lat' dir='ltr'><strong>Hermotimi</strong></span> <span class='ocrx_word' id='word_1_35' title='bbox 1153 550 1262 633; x_wconf 78' lang='lat' dir='ltr'><strong>magi-</strong></span> 
     </span>
     <span class='ocr_line' id='line_1_5' title="bbox 151 629 1260 713; baseline -0.001 -17"><span class='ocrx_word' id='word_1_36' title='bbox 151 649 236 710; x_wconf 80' lang='lat' dir='ltr'><strong>stro,</strong></span> <span class='ocrx_word' id='word_1_37' title='bbox 259 632 367 691; x_wconf 78' lang='lat' dir='ltr'><strong>sivein</strong></span> <span class='ocrx_word' id='word_1_38' title='bbox 380 630 613 712; x_wconf 87' lang='lat' dir='ltr'><strong>Thesmopolus</strong></span> <span class='ocrx_word' id='word_1_39' title='bbox 627 630 743 703; x_wconf 84' lang='lat' dir='ltr'><strong>fuerit,</strong></span> <span class='ocrx_word' id='word_1_40' title='bbox 766 644 803 690; x_wconf 90' lang='lat' dir='ltr'><strong>ut</strong></span> <span class='ocrx_word' id='word_1_41' title='bbox 815 630 962 713; x_wconf 85' lang='lat' dir='ltr'><strong>superius</strong></span> <span class='ocrx_word' id='word_1_42' title='bbox 978 629 1094 709; x_wconf 88' lang='lat' dir='ltr'><strong>innui,</strong></span> <span class='ocrx_word' id='word_1_43' title='bbox 1120 647 1186 693; x_wconf 79' lang='lat' dir='ltr'><strong>aut</strong></span> <span class='ocrx_word' id='word_1_44' title='bbox 1198 634 1260 697; x_wconf 87' lang='lat' dir='ltr'><strong>alio</strong></span> 
     </span>
     <span class='ocr_line' id='line_1_6' title="bbox 151 714 1262 802; baseline 0.001 -24"><span class='ocrx_word' id='word_1_45' title='bbox 151 714 268 802; x_wconf 81' lang='lat' dir='ltr'><strong>quovis</strong></span> <span class='ocrx_word' id='word_1_46' title='bbox 285 715 415 777; x_wconf 90' lang='lat' dir='ltr'><strong>nomine</strong></span> <span class='ocrx_word' id='word_1_47' title='bbox 430 729 526 776; x_wconf 88' lang='lat' dir='ltr'><strong>notus</strong></span> <span class='ocrx_word' id='word_1_48' title='bbox 547 714 655 777; x_wconf 89' lang='lat' dir='ltr'><strong>homo.</strong></span> <span class='ocrx_word' id='word_1_49' title='bbox 700 714 807 775; x_wconf 86' lang='lat' dir='ltr'><strong>Miror</strong></span> <span class='ocrx_word' id='word_1_50' title='bbox 824 731 928 776; x_wconf 91' lang='lat' dir='ltr'><strong>autem</strong></span> <span class='ocrx_word' id='word_1_51' title='bbox 943 715 1068 777; x_wconf 79' lang='lat' dir='ltr'><strong>intem</strong></span> <span class='ocrx_word' id='word_1_52' title='bbox 1085 714 1157 779; x_wconf 84' lang='lat' dir='ltr'><strong>hoo</strong></span> <span class='ocrx_word' id='word_1_53' title='bbox 1172 718 1262 779; x_wconf 76' lang='lat' dir='ltr'><strong>Dia-.-</strong></span> 
     </span>
    </p>
   </div>
   <div class='ocr_carea' id='block_1_5' title="bbox 43 797 1263 885">
    <p class='ocr_par' dir='ltr' id='par_1_5' title="bbox 43 797 1263 885">
     <span class='ocr_line' id='line_1_7' title="bbox 43 797 1263 885; baseline -0.003 -20"><span class='ocrx_word' id='word_1_54' title='bbox 43 807 46 821; x_wconf 90' lang='lat'>&#39;</span> <span class='ocrx_word' id='word_1_55' title='bbox 100 808 102 813; x_wconf 54' lang='lat'><strong>⁴</strong></span> <span class='ocrx_word' id='word_1_56' title='bbox 150 805 228 885; x_wconf 82' lang='lat' dir='ltr'><strong>logo</strong></span> <span class='ocrx_word' id='word_1_57' title='bbox 241 798 384 860; x_wconf 90' lang='lat' dir='ltr'><strong>Luciani</strong></span> <span class='ocrx_word' id='word_1_58' title='bbox 398 820 462 861; x_wconf 87' lang='lat' dir='ltr'><strong>non</strong></span> <span class='ocrx_word' id='word_1_59' title='bbox 477 798 603 859; x_wconf 85' lang='lat' dir='ltr'><strong>solitam</strong></span> <span class='ocrx_word' id='word_1_60' title='bbox 623 797 893 875; x_wconf 80' lang='lat' dir='ltr'><strong>moderationem,</strong></span> <span class='ocrx_word' id='word_1_61' title='bbox 917 797 1263 883; x_wconf 76' lang='lat' dir='ltr'><strong>qua&#39;hominisaordi·</strong></span> 
     </span>
    </p>
   </div>
   <div class='ocr_carea' id='block_1_6' title="bbox 151 882 1265 1133">
    <p class='ocr_par' dir='ltr' id='par_1_6' title="bbox 151 882 1265 1133">
     <span class='ocr_line' id='line_1_8' title="bbox 152 882 1264 968; baseline 0.003 -23"><span class='ocrx_word' id='word_1_62' title='bbox 152 882 277 945; x_wconf 82' lang='lat' dir='ltr'><strong>dissimi</strong></span> <span class='ocrx_word' id='word_1_63' title='bbox 292 905 407 945; x_wconf 91' lang='lat' dir='ltr'><strong>nomen</strong></span> <span class='ocrx_word' id='word_1_64' title='bbox 423 882 558 945; x_wconf 87' lang='lat' dir='ltr'><strong>reticere</strong></span> <span class='ocrx_word' id='word_1_65' title='bbox 581 884 745 944; x_wconf 71' lang='lat' dir='ltr'><strong>sustinuit.</strong></span> <span class='ocrx_word' id='word_1_66' title='bbox 791 882 886 944; x_wconf 88' lang='lat' dir='ltr'><strong>Unde</strong></span> <span class='ocrx_word' id='word_1_67' title='bbox 902 884 1037 967; x_wconf 83' lang='lat' dir='ltr'><strong>colligo,</strong></span> <span class='ocrx_word' id='word_1_68' title='bbox 1062 884 1184 947; x_wconf 86' lang='lat' dir='ltr'><strong>omnia</strong></span> <span class='ocrx_word' id='word_1_69' title='bbox 1197 890 1264 968; x_wconf 77' lang='lat' dir='ltr'><strong>ejus</strong></span> 
     </span>
     <span class='ocr_line' id='line_1_9' title="bbox 152 966 1264 1052; baseline 0.003 -24"><span class='ocrx_word' id='word_1_70' title='bbox 152 973 326 1051; x_wconf 89' lang='lat' dir='ltr'><strong>opuscula,</strong></span> <span class='ocrx_word' id='word_1_71' title='bbox 349 967 517 1052; x_wconf 87' lang='lat' dir='ltr'><strong>inquibus</strong></span> <span class='ocrx_word' id='word_1_72' title='bbox 534 967 723 1028; x_wconf 86' lang='lat' dir='ltr'><strong>nominatim</strong></span> <span class='ocrx_word' id='word_1_73' title='bbox 741 966 776 1027; x_wconf 90' lang='lat' dir='ltr'><strong>iu</strong></span> <span class='ocrx_word' id='word_1_74' title='bbox 798 968 847 1027; x_wconf 88' lang='lat' dir='ltr'><strong>sui</strong></span> <span class='ocrx_word' id='word_1_75' title='bbox 863 968 1016 1049; x_wconf 79' lang='lat' dir='ltr'><strong>temporis</strong></span> <span class='ocrx_word' id='word_1_76' title='bbox 1033 967 1197 1031; x_wconf 82' lang='lat' dir='ltr'><strong>homines</strong></span> <span class='ocrx_word' id='word_1_77' title='bbox 1218 970 1264 1031; x_wconf 78' lang='lat' dir='ltr'><strong>in·</strong></span> 
     </span>
     <span class='ocr_line' id='line_1_10' title="bbox 151 1050 1265 1133; baseline -0.004 -16"><span class='ocrx_word' id='word_1_78' title='bbox 151 1050 301 1130; x_wconf 84' lang='lat' dir='ltr'><strong>vehitur,</strong></span> <span class='ocrx_word' id='word_1_79' title='bbox 324 1052 363 1113; x_wconf 88' lang='lat' dir='ltr'><strong>ab</strong></span> <span class='ocrx_word' id='word_1_80' title='bbox 379 1072 417 1113; x_wconf 90' lang='lat' dir='ltr'><strong>eo</strong></span> <span class='ocrx_word' id='word_1_81' title='bbox 434 1066 509 1133; x_wconf 82' lang='lat' dir='ltr'><strong>post</strong></span> <span class='ocrx_word' id='word_1_82' title='bbox 522 1052 596 1113; x_wconf 88' lang='lat' dir='ltr'><strong>XL.</strong></span> <span class='ocrx_word' id='word_1_83' title='bbox 613 1052 726 1112; x_wconf 83' lang='lat' dir='ltr'><strong>aetatis</strong></span> <span class='ocrx_word' id='word_1_84' title='bbox 740 1074 860 1113; x_wconf 87' lang='lat' dir='ltr'><strong>annum</strong></span> <span class='ocrx_word' id='word_1_85' title='bbox 873 1052 1001 1133; x_wconf 84' lang='lat' dir='ltr'><strong>scripta.</strong></span> <span class='ocrx_word' id='word_1_86' title='bbox 1024 1052 1165 1117; x_wconf 70' lang='lat' dir='ltr'><strong>Sonat«.</strong></span> <span class='ocrx_word' id='word_1_87' title='bbox 1262 1126 1265 1131; x_wconf 28' lang='grc' dir='ltr'>Ι</span> 
     </span>
    </p>
   </div>
   <div class='ocr_carea' id='block_1_7' title="bbox 151 1167 1307 2757">
    <p class='ocr_par' dir='ltr' id='par_1_7' title="bbox 151 1167 1307 2757">
     <span class='ocr_line' id='line_1_11' title="bbox 242 1167 1264 1257; baseline 0 -24"><span class='ocrx_word' id='word_1_88' title='bbox 242 1169 321 1235; x_wconf 73' lang='lat' dir='ltr'><strong>End.</strong></span> <span class='ocrx_word' id='word_1_89' title='bbox 337 1175 359 1233; x_wconf 87' lang='lat' dir='ltr'><strong>l.</strong></span> <span class='ocrx_word' id='word_1_90' title='bbox 378 1178 409 1238; x_wconf 88' lang='lat'><strong>6.</strong></span> <span class='ocrx_word' id='word_1_91' title='bbox 423 1167 501 1251; x_wconf 74' lang='lat' dir='ltr'><strong>”Eop</strong></span> <span class='ocrx_word' id='word_1_92' title='bbox 515 1171 566 1234; x_wconf 78' lang='lat' dir='ltr'><strong>xci</strong></span> <span class='ocrx_word' id='word_1_93' title='bbox 579 1169 652 1257; x_wconf 70' lang='grc' dir='ltr'><strong>νέᾳ)</strong></span> <span class='ocrx_word' id='word_1_94' title='bbox 675 1169 752 1233; x_wconf 79' lang='lat' dir='ltr'><strong>vid.</strong></span> <span class='ocrx_word' id='word_1_95' title='bbox 771 1170 969 1253; x_wconf 75' lang='lat' dir='ltr'><strong>Aristophon.</strong></span> <span class='ocrx_word' id='word_1_96' title='bbox 985 1168 1092 1232; x_wconf 79' lang='lat' dir='ltr'><strong>Sclml.</strong></span> <span class='ocrx_word' id='word_1_97' title='bbox 1109 1170 1155 1233; x_wconf 78' lang='lat' dir='ltr'><strong>ad</strong></span> <span class='ocrx_word' id='word_1_98' title='bbox 1178 1172 1264 1241; x_wconf 80' lang='lat' dir='ltr'><strong>Nnb.</strong></span> 
     </span>
     <span class='ocr_line' id='line_1_12' title="bbox 151 1253 1266 1335; baseline 0.004 -18"><span class='ocrx_word' id='word_1_99' title='bbox 151 1254 225 1319; x_wconf 75' lang='lat' dir='ltr'><strong>Act.</strong></span> <span class='ocrx_word' id='word_1_100' title='bbox 241 1254 301 1324; x_wconf 87' lang='lat' dir='ltr'><strong>IV.</strong></span> <span class='ocrx_word' id='word_1_101' title='bbox 318 1256 368 1318; x_wconf 83' lang='lat' dir='ltr'><strong>Sc.</strong></span> <span class='ocrx_word' id='word_1_102' title='bbox 386 1262 423 1331; x_wconf 89' lang='lat'><strong>1,</strong></span> <span class='ocrx_word' id='word_1_103' title='bbox 443 1261 471 1320; x_wconf 88' lang='lat' dir='ltr'><strong>l.</strong></span> <span class='ocrx_word' id='word_1_104' title='bbox 490 1253 546 1312; x_wconf 92' lang='lat' dir='ltr'><strong>ubi</strong></span> <span class='ocrx_word' id='word_1_105' title='bbox 571 1256 641 1315; x_wconf 87' lang='lat' dir='ltr'><strong>fuse</strong></span> <span class='ocrx_word' id='word_1_106' title='bbox 666 1270 807 1330; x_wconf 78' lang='lat' dir='ltr'><strong>enarrat,</strong></span> <span class='ocrx_word' id='word_1_107' title='bbox 838 1274 901 1335; x_wconf 86' lang='lat' dir='ltr'><strong>qua</strong></span> <span class='ocrx_word' id='word_1_108' title='bbox 923 1255 1050 1317; x_wconf 88' lang='lat' dir='ltr'><strong>ratione</strong></span> <span class='ocrx_word' id='word_1_109' title='bbox 1078 1254 1118 1317; x_wconf 85' lang='lat' dir='ltr'><strong>id</strong></span> <span class='ocrx_word' id='word_1_110' title='bbox 1142 1278 1266 1327; x_wconf 80' lang='lat' dir='ltr'><strong>nomen</strong></span> 
     </span>
     <span class='ocr_line' id='line_1_13' title="bbox 151 1337 1267 1420; baseline 0.004 -21"><span class='ocrx_word' id='word_1_111' title='bbox 151 1340 269 1409; x_wconf 85' lang='lat' dir='ltr'><strong>ultimo</strong></span> <span class='ocrx_word' id='word_1_112' title='bbox 286 1339 404 1401; x_wconf 79' lang='lat' dir='ltr'><strong>mensis</strong></span> <span class='ocrx_word' id='word_1_113' title='bbox 421 1337 488 1397; x_wconf 87' lang='lat' dir='ltr'><strong>diei</strong></span> <span class='ocrx_word' id='word_1_114' title='bbox 504 1337 641 1405; x_wconf 84' lang='lat' dir='ltr'><strong>inditum</strong></span> <span class='ocrx_word' id='word_1_115' title='bbox 658 1339 718 1418; x_wconf 85' lang='lat' dir='ltr'><strong>sit,</strong></span> <span class='ocrx_word' id='word_1_116' title='bbox 741 1340 817 1420; x_wconf 90' lang='lat' dir='ltr'><strong>quia</strong></span> <span class='ocrx_word' id='word_1_117' title='bbox 833 1337 946 1400; x_wconf 87' lang='lat' dir='ltr'><strong>eodem</strong></span> <span class='ocrx_word' id='word_1_118' title='bbox 963 1338 1015 1400; x_wconf 89' lang='lat' dir='ltr'><strong>die</strong></span> <span class='ocrx_word' id='word_1_119' title='bbox 1033 1343 1118 1401; x_wconf 74' lang='lat' dir='ltr'><strong>luna</strong></span> <span class='ocrx_word' id='word_1_120' title='bbox 1133 1354 1171 1402; x_wconf 86' lang='lat' dir='ltr'><strong>et</strong></span> <span class='ocrx_word' id='word_1_121' title='bbox 1185 1341 1267 1405; x_wconf 77' lang='lat' dir='ltr'><strong>deei-</strong></span> 
     </span>
     <span class='ocr_line' id='line_1_14' title="bbox 153 1421 1266 1506; baseline 0.005 -21"><span class='ocrx_word' id='word_1_122' title='bbox 153 1424 206 1485; x_wconf 83' lang='lat' dir='ltr'><strong>nit</strong></span> <span class='ocrx_word' id='word_1_123' title='bbox 226 1439 259 1485; x_wconf 90' lang='lat' dir='ltr'><strong>et</strong></span> <span class='ocrx_word' id='word_1_124' title='bbox 279 1424 409 1504; x_wconf 87' lang='lat' dir='ltr'><strong>incipit.</strong></span> <span class='ocrx_word' id='word_1_125' title='bbox 452 1421 544 1482; x_wconf 81' lang='lat' dir='ltr'><strong>Adde</strong></span> <span class='ocrx_word' id='word_1_126' title='bbox 563 1437 595 1483; x_wconf 87' lang='lat' dir='ltr'><strong>et</strong></span> <span class='ocrx_word' id='word_1_127' title='bbox 615 1421 696 1488; x_wconf 79' lang='lat' dir='ltr'><strong>Plut.</strong></span> <span class='ocrx_word' id='word_1_128' title='bbox 712 1424 744 1482; x_wconf 89' lang='lat' dir='ltr'><strong>in</strong></span> <span class='ocrx_word' id='word_1_129' title='bbox 762 1424 898 1501; x_wconf 86' lang='lat' dir='ltr'><strong>Solone,</strong></span> <span class='ocrx_word' id='word_1_130' title='bbox 923 1444 956 1506; x_wconf 87' lang='lat' dir='ltr'><strong>p.</strong></span> <span class='ocrx_word' id='word_1_131' title='bbox 977 1430 1055 1500; x_wconf 80' lang='lat'><strong>168,</strong></span> <span class='ocrx_word' id='word_1_132' title='bbox 1078 1433 1118 1491; x_wconf 95' lang='lat'><strong>1.·</strong></span> <span class='ocrx_word' id='word_1_133' title='bbox 1134 1426 1266 1491; x_wconf 67' lang='lat' dir='ltr'><strong>Socer.</strong></span> 
     </span>
     <span class='ocr_line' id='line_1_15' title="bbox 154 1502 1307 1593; baseline 0.012 -27"><span class='ocrx_word' id='word_1_134' title='bbox 154 1508 245 1592; x_wconf 79' lang='lat' dir='ltr'><strong>Quae</strong></span> <span class='ocrx_word' id='word_1_135' title='bbox 263 1528 340 1567; x_wconf 81' lang='lat' dir='ltr'><strong>mox</strong></span> <span class='ocrx_word' id='word_1_136' title='bbox 357 1511 454 1591; x_wconf 81' lang='lat' dir='ltr'><strong>vulgo</strong></span> <span class='ocrx_word' id='word_1_137' title='bbox 477 1506 654 1568; x_wconf 82' lang='lat' dir='ltr'><strong>edebantur</strong></span> <span class='ocrx_word' id='word_1_138' title='bbox 670 1506 787 1569; x_wconf 63' lang='lat' dir='ltr'><strong>&#39;verbor</strong></span> <span class='ocrx_word' id='word_1_139' title='bbox 815 1511 866 1572; x_wconf 73' lang='lat' dir='ltr'><strong>col</strong></span> <span class='ocrx_word' id='word_1_140' title='bbox 886 1510 936 1573; x_wconf 79' lang='grc' dir='ltr'><strong>ἐπὶ</strong></span> <span class='ocrx_word' id='word_1_141' title='bbox 956 1516 1050 1573; x_wconf 81' lang='grc' dir='ltr'><strong><em>ταῦτα</em></strong></span> <span class='ocrx_word' id='word_1_142' title='bbox 1069 1502 1265 1593; x_wconf 71' lang='grc' dir='ltr'><strong>ἠγανάκτει,</strong></span> <span class='ocrx_word' id='word_1_143' title='bbox 1305 1510 1307 1517; x_wconf 62' lang='grc'><strong>’</strong></span> 
     </span>
     <span class='ocr_line' id='line_1_16' title="bbox 154 1590 1268 1675; baseline 0.004 -23"><span class='ocrx_word' id='word_1_144' title='bbox 154 1592 296 1675; x_wconf 79' lang='lat' dir='ltr'><strong>intelligi</strong></span> <span class='ocrx_word' id='word_1_145' title='bbox 313 1596 407 1673; x_wconf 86' lang='lat' dir='ltr'><strong>plane</strong></span> <span class='ocrx_word' id='word_1_146' title='bbox 423 1613 489 1653; x_wconf 88' lang='lat' dir='ltr'><strong>uon</strong></span> <span class='ocrx_word' id='word_1_147' title='bbox 512 1606 639 1673; x_wconf 87' lang='lat' dir='ltr'><strong>potest,</strong></span> <span class='ocrx_word' id='word_1_148' title='bbox 663 1590 824 1673; x_wconf 89' lang='lat' dir='ltr'><strong>quomodo</strong></span> <span class='ocrx_word' id='word_1_149' title='bbox 841 1614 895 1673; x_wconf 89' lang='lat' dir='ltr'><strong>per</strong></span> <span class='ocrx_word' id='word_1_150' title='bbox 911 1608 961 1653; x_wconf 94' lang='lat' dir='ltr'><strong>tot</strong></span> <span class='ocrx_word' id='word_1_151' title='bbox 986 1596 1098 1655; x_wconf 86' lang='lat' dir='ltr'><strong>secula</strong></span> <span class='ocrx_word' id='word_1_152' title='bbox 1122 1596 1175 1657; x_wconf 83' lang='lat' dir='ltr'><strong>aio</strong></span> <span class='ocrx_word' id='word_1_153' title='bbox 1194 1618 1268 1659; x_wconf 90' lang='lat' dir='ltr'><strong>con·</strong></span> 
     </span>
     <span class='ocr_line' id='line_1_17' title="bbox 154 1676 1269 1760; baseline 0.004 -23"><span class='ocrx_word' id='word_1_154' title='bbox 154 1678 274 1737; x_wconf 84' lang='lat' dir='ltr'><strong>servari</strong></span> <span class='ocrx_word' id='word_1_155' title='bbox 292 1676 476 1756; x_wconf 87' lang='lat' dir='ltr'><strong>potuerint;</strong></span> <span class='ocrx_word' id='word_1_156' title='bbox 502 1677 685 1756; x_wconf 83' lang='lat' dir='ltr'><strong>praesertim</strong></span> <span class='ocrx_word' id='word_1_157' title='bbox 706 1698 801 1758; x_wconf 93' lang='lat' dir='ltr'><strong>quum</strong></span> <span class='ocrx_word' id='word_1_158' title='bbox 823 1677 963 1760; x_wconf 83' lang='lat' dir='ltr'><strong>genuina</strong></span> <span class='ocrx_word' id='word_1_159' title='bbox 979 1679 1049 1759; x_wconf 84' lang='lat' dir='ltr'><strong>ipsa</strong></span> <span class='ocrx_word' id='word_1_160' title='bbox 1062 1677 1269 1743; x_wconf 82' lang='lat' dir='ltr'><strong>Editoribut</strong></span> 
     </span>
     <span class='ocr_line' id='line_1_18' title="bbox 156 1760 1269 1830; baseline -0.002 -7"><span class='ocrx_word' id='word_1_161' title='bbox 156 1760 198 1823; x_wconf 89' lang='lat' dir='ltr'><strong>ob</strong></span> <span class='ocrx_word' id='word_1_162' title='bbox 218 1765 329 1822; x_wconf 81' lang='lat' dir='ltr'><strong>oculos</strong></span> <span class='ocrx_word' id='word_1_163' title='bbox 346 1776 468 1823; x_wconf 84' lang='lat' dir='ltr'><strong>versata</strong></span> <span class='ocrx_word' id='word_1_164' title='bbox 487 1761 620 1821; x_wconf 83' lang='lat' dir='ltr'><strong>fuerint.</strong></span> <span class='ocrx_word' id='word_1_165' title='bbox 665 1761 804 1821; x_wconf 88' lang='lat' dir='ltr'><strong>Primum</strong></span> <span class='ocrx_word' id='word_1_166' title='bbox 823 1761 909 1821; x_wconf 89' lang='lat' dir='ltr'><strong>enim</strong></span> <span class='ocrx_word' id='word_1_167' title='bbox 925 1761 978 1822; x_wconf 90' lang='lat' dir='ltr'><strong>illa</strong></span> <span class='ocrx_word' id='word_1_168' title='bbox 993 1760 1174 1825; x_wconf 77' lang='lat' dir='ltr'><strong>absurdam</strong></span> <span class='ocrx_word' id='word_1_169' title='bbox 1192 1786 1269 1830; x_wconf 72' lang='lat' dir='ltr'><strong>con.</strong></span> 
     </span>
     <span class='ocr_line' id='line_1_19' title="bbox 156 1845 1268 1926; baseline 0.004 -19"><span class='ocrx_word' id='word_1_170' title='bbox 156 1845 499 1926; x_wconf 87' lang='lat' dir='ltr'><strong>tinentrepetitionem</strong></span> <span class='ocrx_word' id='word_1_171' title='bbox 523 1846 570 1905; x_wconf 88' lang='lat' dir='ltr'><strong>rei</strong></span> <span class='ocrx_word' id='word_1_172' title='bbox 587 1849 648 1926; x_wconf 87' lang='lat' dir='ltr'><strong>jam</strong></span> <span class='ocrx_word' id='word_1_173' title='bbox 670 1860 951 1920; x_wconf 82' lang='lat' dir='ltr'><strong>commemoratae,</strong></span> <span class='ocrx_word' id='word_1_174' title='bbox 984 1845 1064 1908; x_wconf 90' lang='lat' dir='ltr'><strong>adeo</strong></span> <span class='ocrx_word' id='word_1_175' title='bbox 1086 1848 1196 1911; x_wconf 81' lang='lat' dir='ltr'><strong>illam·</strong></span> <span class='ocrx_word' id='word_1_176' title='bbox 1210 1850 1268 1913; x_wconf 80' lang='lat' dir='ltr'><strong>ab·</strong></span> 
     </span>
     <span class='ocr_line' id='line_1_20' title="bbox 156 1927 1267 2011; baseline 0.006 -21"><span class='ocrx_word' id='word_1_177' title='bbox 156 1927 300 2007; x_wconf 79' lang='lat' dir='ltr'><strong>surdam,</strong></span> <span class='ocrx_word' id='word_1_178' title='bbox 324 1944 360 1989; x_wconf 93' lang='lat' dir='ltr'><strong>ut</strong></span> <span class='ocrx_word' id='word_1_179' title='bbox 374 1929 469 1992; x_wconf 85' lang='lat' dir='ltr'><strong>etiam</strong></span> <span class='ocrx_word' id='word_1_180' title='bbox 487 1929 627 1991; x_wconf 83' lang='lat' dir='ltr'><strong>Gesnerns</strong></span> <span class='ocrx_word' id='word_1_181' title='bbox 640 1952 675 1991; x_wconf 89' lang='lat' dir='ltr'><strong>ea</strong></span> <span class='ocrx_word' id='word_1_182' title='bbox 689 1952 748 2011; x_wconf 88' lang='lat' dir='ltr'><strong>pro</strong></span> <span class='ocrx_word' id='word_1_183' title='bbox 762 1930 870 1989; x_wconf 92' lang='lat' dir='ltr'><strong>lubitu</strong></span> <span class='ocrx_word' id='word_1_184' title='bbox 887 1929 1032 2009; x_wconf 90' lang='lat' dir='ltr'><strong>quidem,</strong></span> <span class='ocrx_word' id='word_1_185' title='bbox 1057 1930 1119 1993; x_wconf 87' lang='lat' dir='ltr'><strong>sed</strong></span> <span class='ocrx_word' id='word_1_186' title='bbox 1135 1954 1267 1997; x_wconf 80' lang='lat' dir='ltr'><strong>sensnm</strong></span> 
     </span>
     <span class='ocr_line' id='line_1_21' title="bbox 157 2013 1277 2099; baseline 0.004 -24"><span class='ocrx_word' id='word_1_187' title='bbox 157 2027 263 2076; x_wconf 82' lang='lat' dir='ltr'><strong>tamen</strong></span> <span class='ocrx_word' id='word_1_188' title='bbox 281 2018 457 2099; x_wconf 86' lang='lat' dir='ltr'><strong>elegantem</strong></span> <span class='ocrx_word' id='word_1_189' title='bbox 480 2036 572 2073; x_wconf 85' lang='lat' dir='ltr'><strong>auum</strong></span> <span class='ocrx_word' id='word_1_190' title='bbox 588 2030 732 2091; x_wconf 83' lang='lat' dir='ltr'><strong>secutus,</strong></span> <span class='ocrx_word' id='word_1_191' title='bbox 756 2013 791 2072; x_wconf 89' lang='lat' dir='ltr'><strong>in</strong></span> <span class='ocrx_word' id='word_1_192' title='bbox 817 2013 964 2075; x_wconf 84' lang='lat' dir='ltr'><strong>versione</strong></span> <span class='ocrx_word' id='word_1_193' title='bbox 987 2019 1082 2094; x_wconf 87' lang='lat' dir='ltr'><strong>plane</strong></span> <span class='ocrx_word' id='word_1_194' title='bbox 1110 2016 1277 2081; x_wconf 82' lang='lat' dir='ltr'><strong>omittere¹</strong></span> 
     </span>
     <span class='ocr_line' id='line_1_22' title="bbox 159 2092 1270 2185; baseline 0.005 -27"><span class='ocrx_word' id='word_1_195' title='bbox 159 2097 346 2160; x_wconf 87' lang='lat' dir='ltr'><strong>decreverit.</strong></span> <span class='ocrx_word' id='word_1_196' title='bbox 390 2097 522 2160; x_wconf 85' lang='lat' dir='ltr'><strong>Deinde</strong></span> <span class='ocrx_word' id='word_1_197' title='bbox 539 2099 706 2179; x_wconf 83' lang='lat' dir='ltr'><strong>sequentia</strong></span> <span class='ocrx_word' id='word_1_198' title='bbox 725 2098 840 2160; x_wconf 83' lang='lat' dir='ltr'><strong>verba:</strong></span> <span class='ocrx_word' id='word_1_199' title='bbox 863 2098 1018 2183; x_wconf 74' lang='grc' dir='ltr'><strong><em>παρεστώς</em></strong></span> <span class='ocrx_word' id='word_1_200' title='bbox 1031 2092 1048 2163; x_wconf 80' lang='grc' dir='ltr'>ὁ</span> <span class='ocrx_word' id='word_1_201' title='bbox 1062 2106 1159 2177; x_wconf 79' lang='grc' dir='ltr'><strong><em>θεῖος</em></strong></span> <span class='ocrx_word' id='word_1_202' title='bbox 1179 2116 1270 2185; x_wconf 84' lang='lat' dir='ltr'><strong>patet</strong></span> 
     </span>
     <span class='ocr_line' id='line_1_23' title="bbox 158 2180 1271 2262; baseline 0.004 -17"><span class='ocrx_word' id='word_1_203' title='bbox 158 2187 251 2245; x_wconf 86' lang='lat' dir='ltr'><strong>nullo</strong></span> <span class='ocrx_word' id='word_1_204' title='bbox 270 2183 401 2243; x_wconf 87' lang='lat' dir='ltr'><strong>vinculo</strong></span> <span class='ocrx_word' id='word_1_205' title='bbox 420 2183 572 2245; x_wconf 86' lang='lat' dir='ltr'><strong>cumillis</strong></span> <span class='ocrx_word' id='word_1_206' title='bbox 590 2183 695 2259; x_wconf 89' lang='lat' dir='ltr'><strong>necti,</strong></span> <span class='ocrx_word' id='word_1_207' title='bbox 719 2197 815 2262; x_wconf 90' lang='lat' dir='ltr'><strong>atque</strong></span> <span class='ocrx_word' id='word_1_208' title='bbox 832 2180 912 2244; x_wconf 89' lang='lat' dir='ltr'><strong>adeo</strong></span> <span class='ocrx_word' id='word_1_209' title='bbox 928 2183 1111 2244; x_wconf 88' lang='lat' dir='ltr'><strong>orationem</strong></span> <span class='ocrx_word' id='word_1_210' title='bbox 1131 2186 1182 2247; x_wconf 86' lang='lat' dir='ltr'><strong>sio</strong></span> <span class='ocrx_word' id='word_1_211' title='bbox 1195 2186 1271 2249; x_wconf 86' lang='lat' dir='ltr'><strong>red·</strong></span> 
     </span>
     <span class='ocr_line' id='line_1_24' title="bbox 160 2266 1268 2353; baseline 0.002 -26"><span class='ocrx_word' id='word_1_212' title='bbox 160 2266 194 2327; x_wconf 91' lang='lat' dir='ltr'><strong>di</strong></span> <span class='ocrx_word' id='word_1_213' title='bbox 211 2266 382 2327; x_wconf 87' lang='lat' dir='ltr'><strong>admodum</strong></span> <span class='ocrx_word' id='word_1_214' title='bbox 406 2266 633 2331; x_wconf 82' lang='lat' dir='ltr'><strong>inconcinnam</strong></span> <span class='ocrx_word' id='word_1_215' title='bbox 650 2281 682 2326; x_wconf 90' lang='lat' dir='ltr'><strong>et</strong></span> <span class='ocrx_word' id='word_1_216' title='bbox 697 2287 857 2346; x_wconf 82' lang='lat' dir='ltr'><strong>asperam,</strong></span> <span class='ocrx_word' id='word_1_217' title='bbox 891 2272 1015 2348; x_wconf 86' lang='lat' dir='ltr'><strong>qualem</strong></span> <span class='ocrx_word' id='word_1_218' title='bbox 1036 2269 1096 2326; x_wconf 82' lang='lat' dir='ltr'><strong>vix</strong></span> <span class='ocrx_word' id='word_1_219' title='bbox 1120 2290 1268 2353; x_wconf 80' lang='lat' dir='ltr'><strong>unquam</strong></span> 
     </span>
     <span class='ocr_line' id='line_1_25' title="bbox 159 2349 1270 2439; baseline 0.007 -30"><span class='ocrx_word' id='word_1_220' title='bbox 159 2351 194 2410; x_wconf 89' lang='lat' dir='ltr'><strong>in</strong></span> <span class='ocrx_word' id='word_1_221' title='bbox 213 2351 351 2415; x_wconf 74' lang='lat' dir='ltr'><strong>Lucieno</strong></span> <span class='ocrx_word' id='word_1_222' title='bbox 374 2349 533 2412; x_wconf 77' lang='lat' dir='ltr'><strong>inveniar.</strong></span> <span class='ocrx_word' id='word_1_223' title='bbox 576 2351 730 2431; x_wconf 91' lang='lat' dir='ltr'><strong>Denique</strong></span> <span class='ocrx_word' id='word_1_224' title='bbox 748 2371 866 2431; x_wconf 87' lang='lat' dir='ltr'><strong>quaeso</strong></span> <span class='ocrx_word' id='word_1_225' title='bbox 891 2352 963 2434; x_wconf 87' lang='lat' dir='ltr'><strong>quis</strong></span> <span class='ocrx_word' id='word_1_226' title='bbox 984 2371 1126 2432; x_wconf 81' lang='lat' dir='ltr'><strong>usquam</strong></span> <span class='ocrx_word' id='word_1_227' title='bbox 1149 2354 1270 2439; x_wconf 81' lang='lat' dir='ltr'><strong>legerit</strong></span> 
     </span>
     <span class='ocr_line' id='line_1_26' title="bbox 160 2430 1270 2523; baseline 0.006 -28"><span class='ocrx_word' id='word_1_228' title='bbox 160 2433 291 2516; x_wconf 81' lang='lat' dir='ltr'><strong>phrasin</strong></span> <span class='ocrx_word' id='word_1_229' title='bbox 314 2437 363 2499; x_wconf 70' lang='grc' dir='ltr'><strong>ἐπὶ</strong></span> <span class='ocrx_word' id='word_1_230' title='bbox 384 2436 412 2499; x_wconf 72' lang='lat' dir='ltr'><strong>cl</strong></span> <span class='ocrx_word' id='word_1_231' title='bbox 437 2430 630 2517; x_wconf 64' lang='lat' dir='ltr'><strong>riperensem,</strong></span> <span class='ocrx_word' id='word_1_232' title='bbox 659 2434 754 2495; x_wconf 91' lang='lat' dir='ltr'><strong>Nihil</strong></span> <span class='ocrx_word' id='word_1_233' title='bbox 777 2435 885 2517; x_wconf 86' lang='lat' dir='ltr'><strong>itaque</strong></span> <span class='ocrx_word' id='word_1_234' title='bbox 909 2436 1027 2495; x_wconf 86' lang='lat' dir='ltr'><strong>certius</strong></span> <span class='ocrx_word' id='word_1_235' title='bbox 1053 2451 1123 2515; x_wconf 81' lang='lat' dir='ltr'><strong>est,</strong></span> <span class='ocrx_word' id='word_1_236' title='bbox 1150 2458 1270 2523; x_wconf 79' lang='lat' dir='ltr'><strong>qnam,</strong></span> 
     </span>
     <span class='ocr_line' id='line_1_27' title="bbox 160 2517 1269 2603; baseline 0.006 -25"><span class='ocrx_word' id='word_1_237' title='bbox 160 2518 387 2600; x_wconf 83' lang='lat' dir='ltr'><strong>praeeuntibus</strong></span> <span class='ocrx_word' id='word_1_238' title='bbox 407 2519 527 2579; x_wconf 87' lang='lat' dir='ltr'><strong>Codice</strong></span> <span class='ocrx_word' id='word_1_239' title='bbox 551 2520 593 2579; x_wconf 88' lang='lat' dir='ltr'><strong>L.</strong></span> <span class='ocrx_word' id='word_1_240' title='bbox 613 2533 646 2580; x_wconf 92' lang='lat' dir='ltr'><strong>et</strong></span> <span class='ocrx_word' id='word_1_241' title='bbox 665 2517 747 2578; x_wconf 90' lang='lat' dir='ltr'><strong>Edd.</strong></span> <span class='ocrx_word' id='word_1_242' title='bbox 763 2518 792 2583; x_wconf 92' lang='lat' dir='ltr'><strong>J.</strong></span> <span class='ocrx_word' id='word_1_243' title='bbox 809 2534 839 2579; x_wconf 90' lang='lat' dir='ltr'><strong>et</strong></span> <span class='ocrx_word' id='word_1_244' title='bbox 857 2521 895 2582; x_wconf 90' lang='lat' dir='ltr'><strong>B.</strong></span> <span class='ocrx_word' id='word_1_245' title='bbox 910 2529 959 2599; x_wconf 81' lang='grc'><strong>8.,</strong></span> <span class='ocrx_word' id='word_1_246' title='bbox 982 2518 1159 2603; x_wconf 84' lang='lat' dir='ltr'><strong>legendnm</strong></span> <span class='ocrx_word' id='word_1_247' title='bbox 1182 2544 1269 2585; x_wconf 82' lang='lat' dir='ltr'><strong>esse:</strong></span> 
     </span>
     <span class='ocr_line' id='line_1_28' title="bbox 163 2599 1270 2693; baseline -0.001 -24"><span class='ocrx_word' id='word_1_248' title='bbox 163 2604 225 2669; x_wconf 79' lang='lat' dir='ltr'><strong>Kal</strong></span> <span class='ocrx_word' id='word_1_249' title='bbox 242 2605 303 2667; x_wconf 76' lang='grc' dir='ltr'><strong>ἐπεὶ</strong></span> <span class='ocrx_word' id='word_1_250' title='bbox 322 2611 414 2669; x_wconf 82' lang='grc' dir='ltr'><strong><em>ταῦτα</em></strong></span> <span class='ocrx_word' id='word_1_251' title='bbox 427 2599 603 2687; x_wconf 78' lang='grc' dir='ltr'><strong>ἠγανάκτει,</strong></span> <span class='ocrx_word' id='word_1_252' title='bbox 634 2600 788 2690; x_wconf 64' lang='grc' dir='ltr'><strong>παρεστώς</strong></span> <span class='ocrx_word' id='word_1_253' title='bbox 811 2600 827 2669; x_wconf 87' lang='lat' dir='ltr'><strong>o‘</strong></span> <span class='ocrx_word' id='word_1_254' title='bbox 849 2613 936 2681; x_wconf 81' lang='grc' dir='ltr'><em>θεῖος</em></span> <span class='ocrx_word' id='word_1_255' title='bbox 957 2619 1019 2667; x_wconf 90' lang='lat' dir='ltr'><strong>etc.</strong></span> <span class='ocrx_word' id='word_1_256' title='bbox 1062 2606 1110 2666; x_wconf 89' lang='lat' dir='ltr'><strong>Et</strong></span> <span class='ocrx_word' id='word_1_257' title='bbox 1133 2607 1187 2669; x_wconf 76' lang='lat' dir='ltr'><strong>cio</strong></span> <span class='ocrx_word' id='word_1_258' title='bbox 1209 2627 1270 2693; x_wconf 78' lang='lat' dir='ltr'><strong>ego</strong></span> 
     </span>
     <span class='ocr_line' id='line_1_29' title="bbox 162 2687 656 2757; baseline -0.014 0"><span class='ocrx_word' id='word_1_259' title='bbox 162 2687 361 2757; x_wconf 75' lang='lat' dir='ltr'><strong>confidenter</strong></span> <span class='ocrx_word' id='word_1_260' title='bbox 381 2691 516 2751; x_wconf 84' lang='lat' dir='ltr'><strong>correxi.</strong></span> <span class='ocrx_word' id='word_1_261' title='bbox 539 2691 656 2756; x_wconf 77' lang='lat' dir='ltr'><strong>Lento.</strong></span> 
     </span>
    </p>
   </div>
   <div class='ocr_carea' id='block_1_8' title="bbox 162 2787 1274 3044">
    <p class='ocr_par' dir='ltr' id='par_1_8' title="bbox 162 2787 1274 3044">
     <span class='ocr_line' id='line_1_30' title="bbox 244 2787 1272 2874; baseline 0.003 -24"><span class='ocrx_word' id='word_1_262' title='bbox 244 2790 324 2851; x_wconf 81' lang='lat' dir='ltr'><strong>End.</strong></span> <span class='ocrx_word' id='word_1_263' title='bbox 338 2794 359 2851; x_wconf 95' lang='lat' dir='ltr'><strong>l.</strong></span> <span class='ocrx_word' id='word_1_264' title='bbox 376 2799 407 2859; x_wconf 90' lang='lat'><strong>8.</strong></span> <span class='ocrx_word' id='word_1_265' title='bbox 428 2787 583 2874; x_wconf 52' lang='lat' dir='ltr'><strong>&#39;latomo</strong></span> <span class='ocrx_word' id='word_1_266' title='bbox 606 2792 681 2852; x_wconf 88' lang='lat' dir='ltr'><strong>Nou</strong></span> <span class='ocrx_word' id='word_1_267' title='bbox 698 2791 886 2872; x_wconf 71' lang='lat' dir='ltr'><strong>simplidter</strong></span> <span class='ocrx_word' id='word_1_268' title='bbox 897 2791 1041 2855; x_wconf 73' lang='lat' dir='ltr'><strong>bominem</strong></span> <span class='ocrx_word' id='word_1_269' title='bbox 1053 2793 1216 2874; x_wconf 81' lang='lat' dir='ltr'><strong>privatum</strong></span> <span class='ocrx_word' id='word_1_270' title='bbox 1229 2792 1272 2857; x_wconf 75' lang='lat' dir='ltr'><strong>ai·</strong></span> 
     </span>
     <span class='ocr_line' id='line_1_31' title="bbox 162 2872 1274 2959; baseline 0.011 -26"><span class='ocrx_word' id='word_1_271' title='bbox 162 2872 330 2959; x_wconf 80' lang='lat' dir='ltr'><strong>gnificare,</strong></span> <span class='ocrx_word' id='word_1_272' title='bbox 354 2874 409 2937; x_wconf 88' lang='lat' dir='ltr'><strong>sed</strong></span> <span class='ocrx_word' id='word_1_273' title='bbox 423 2872 576 2957; x_wconf 64' lang='grc' dir='ltr'><strong>ἄμουσον,</strong></span> <span class='ocrx_word' id='word_1_274' title='bbox 601 2876 701 2937; x_wconf 75' lang='lat' dir='ltr'><strong>tudem</strong></span> <span class='ocrx_word' id='word_1_275' title='bbox 713 2892 744 2936; x_wconf 94' lang='lat' dir='ltr'><strong>et</strong></span> <span class='ocrx_word' id='word_1_276' title='bbox 756 2875 917 2952; x_wconf 82' lang='lat' dir='ltr'><strong>incultum,</strong></span> <span class='ocrx_word' id='word_1_277' title='bbox 941 2898 980 2939; x_wconf 86' lang='lat' dir='ltr'><strong>ex</strong></span> <span class='ocrx_word' id='word_1_278' title='bbox 993 2874 1105 2936; x_wconf 88' lang='lat' dir='ltr'><strong>addito</strong></span> <span class='ocrx_word' id='word_1_279' title='bbox 1120 2872 1145 2941; x_wconf 78' lang='lat' dir='ltr'><strong>ii</strong></span> <span class='ocrx_word' id='word_1_280' title='bbox 1184 2901 1274 2955; x_wconf 71' lang='grc' dir='ltr'><strong>οικος</strong></span> 
     </span>
     <span class='ocr_line' id='line_1_32' title="bbox 164 2958 1272 3044; baseline 0.005 -26"><span class='ocrx_word' id='word_1_281' title='bbox 164 2958 310 3039; x_wconf 84' lang='lat' dir='ltr'><strong>adparet,</strong></span> <span class='ocrx_word' id='word_1_282' title='bbox 337 2974 425 3021; x_wconf 79' lang='lat' dir='ltr'><strong>etex</strong></span> <span class='ocrx_word' id='word_1_283' title='bbox 442 2961 532 3038; x_wconf 87' lang='lat' dir='ltr'><strong>aliis,</strong></span> <span class='ocrx_word' id='word_1_284' title='bbox 557 2982 637 3044; x_wconf 89' lang='lat' dir='ltr'><strong>qnos</strong></span> <span class='ocrx_word' id='word_1_285' title='bbox 660 2960 795 3020; x_wconf 86' lang='lat' dir='ltr'><strong>adduxit</strong></span> <span class='ocrx_word' id='word_1_286' title='bbox 809 2961 887 3026; x_wconf 74' lang='lat' dir='ltr'><strong>dens.</strong></span> <span class='ocrx_word' id='word_1_287' title='bbox 903 2959 977 3023; x_wconf 90' lang='lat' dir='ltr'><strong>Vid.</strong></span> <span class='ocrx_word' id='word_1_288' title='bbox 998 2979 1092 3040; x_wconf 84' lang='lat' dir='ltr'><strong>supra</strong></span> <span class='ocrx_word' id='word_1_289' title='bbox 1109 2981 1128 3020; x_wconf 89' lang='lat' dir='ltr'><strong>a</strong></span> <span class='ocrx_word' id='word_1_290' title='bbox 1168 2982 1200 3023; x_wconf 86' lang='lat' dir='ltr'><strong>c.</strong></span> <span class='ocrx_word' id='word_1_291' title='bbox 1218 2968 1272 3033; x_wconf 83' lang='grc'><strong>67.</strong></span> 
     </span>
    </p>
   </div>
   <div class='ocr_carea' id='block_1_9' title="bbox 163 3042 1271 3247">
    <p class='ocr_par' dir='ltr' id='par_1_9' title="bbox 163 3042 1271 3247">
     <span class='ocr_line' id='line_1_33' title="bbox 163 3042 1159 3127; baseline 0.002 -24"><span class='ocrx_word' id='word_1_292' title='bbox 163 3042 275 3122; x_wconf 78' lang='lat' dir='ltr'><strong>Adde,</strong></span> <span class='ocrx_word' id='word_1_293' title='bbox 299 3045 327 3104; x_wconf 90' lang='lat' dir='ltr'><strong>sl</strong></span> <span class='ocrx_word' id='word_1_294' title='bbox 342 3045 450 3118; x_wconf 86' lang='lat' dir='ltr'><strong>lubet,</strong></span> <span class='ocrx_word' id='word_1_295' title='bbox 472 3044 584 3107; x_wconf 79' lang='lat' dir='ltr'><strong>Elsncr.</strong></span> <span class='ocrx_word' id='word_1_296' title='bbox 601 3043 640 3105; x_wconf 87' lang='lat' dir='ltr'><strong>ad</strong></span> <span class='ocrx_word' id='word_1_297' title='bbox 658 3046 731 3107; x_wconf 90' lang='lat' dir='ltr'><strong>Act.</strong></span> <span class='ocrx_word' id='word_1_298' title='bbox 747 3047 859 3127; x_wconf 82' lang='lat' dir='ltr'><strong>Apost.</strong></span> <span class='ocrx_word' id='word_1_299' title='bbox 877 3046 942 3123; x_wconf 83' lang='lat' dir='ltr'><strong>IV,</strong></span> <span class='ocrx_word' id='word_1_300' title='bbox 958 3054 1007 3114; x_wconf 85' lang='lat'><strong>13.</strong></span> <span class='ocrx_word' id='word_1_301' title='bbox 1029 3044 1159 3111; x_wconf 68' lang='lat' dir='ltr'><strong>Rarus.</strong></span> 
     </span>
     <span class='ocr_line' id='line_1_34' title="bbox 247 3144 1271 3247; baseline -0.001 -23"><span class='ocrx_word' id='word_1_302' title='bbox 247 3162 327 3231; x_wconf 83' lang='lat' dir='ltr'><strong>End.</strong></span> <span class='ocrx_word' id='word_1_303' title='bbox 342 3167 365 3232; x_wconf 90' lang='lat' dir='ltr'><strong>l.</strong></span> <span class='ocrx_word' id='word_1_304' title='bbox 383 3172 430 3230; x_wconf 89' lang='lat' dir='ltr'><strong>tt.</strong></span> <span class='ocrx_word' id='word_1_305' title='bbox 458 3157 664 3244; x_wconf 76' lang='grc' dir='ltr'><strong><em>Ἐκτετίκαμεν</em></strong></span> <span class='ocrx_word' id='word_1_306' title='bbox 686 3157 860 3246; x_wconf 75' lang='grc' dir='ltr'><strong>διάφορον)</strong></span> <span class='ocrx_word' id='word_1_307' title='bbox 891 3166 992 3226; x_wconf 88' lang='lat' dir='ltr'><strong>Recte</strong></span> <span class='ocrx_word' id='word_1_308' title='bbox 1020 3161 1066 3221; x_wconf 86' lang='lat' dir='ltr'><strong>ibi</strong></span> <span class='ocrx_word' id='word_1_309' title='bbox 1091 3144 1271 3247; x_wconf 69' lang='lat' dir='ltr'><strong>interpres.</strong></span> 
     </span>
    </p>
   </div>
   <div class='ocr_carea' id='block_1_10' title="bbox 55 3244 1281 3335">
    <p class='ocr_par' dir='ltr' id='par_1_10' title="bbox 55 3244 1281 3335">
     <span class='ocr_line' id='line_1_35' title="bbox 55 3244 1281 3335; baseline 0.007 -30"><span class='ocrx_word' id='word_1_310' title='bbox 55 3318 58 3323; x_wconf 28' lang='grc' dir='ltr'>Ι</span> <span class='ocrx_word' id='word_1_311' title='bbox 164 3247 224 3306; x_wconf 83' lang='lat' dir='ltr'><strong>Est</strong></span> <span class='ocrx_word' id='word_1_312' title='bbox 239 3247 323 3306; x_wconf 88' lang='lat' dir='ltr'><strong>enim</strong></span> <span class='ocrx_word' id='word_1_313' title='bbox 343 3246 495 3332; x_wconf 74' lang='grc' dir='ltr'><strong>διάφορον</strong></span> <span class='ocrx_word' id='word_1_314' title='bbox 511 3272 552 3311; x_wconf 85' lang='lat' dir='ltr'><strong>ex</strong></span> <span class='ocrx_word' id='word_1_315' title='bbox 571 3249 654 3315; x_wconf 78' lang='lat' dir='ltr'><strong>Snid.</strong></span> <span class='ocrx_word' id='word_1_316' title='bbox 670 3244 703 3312; x_wconf 79' lang='lat' dir='ltr'><strong>cd</strong></span> <span class='ocrx_word' id='word_1_317' title='bbox 718 3252 833 3331; x_wconf 72' lang='grc' dir='ltr'><strong>τίμιον,</strong></span> <span class='ocrx_word' id='word_1_318' title='bbox 856 3273 971 3315; x_wconf 79' lang='lat' dir='ltr'><strong>merces.</strong></span> <span class='ocrx_word' id='word_1_319' title='bbox 1016 3247 1153 3308; x_wconf 86' lang='lat' dir='ltr'><strong>Caetera</strong></span> <span class='ocrx_word' id='word_1_320' title='bbox 1167 3246 1281 3335; x_wconf 66' lang='lat' dir='ltr'><strong>hujus</strong></span> 
     </span>
    </p>
   </div>
   <div class='ocr_carea' id='block_1_11' title="bbox 163 3329 1279 3907">
    <p class='ocr_par' dir='ltr' id='par_1_11' title="bbox 163 3329 1276 3491">
     <span class='ocr_line' id='line_1_36' title="bbox 163 3329 1276 3422; baseline 0.011 -34"><span class='ocrx_word' id='word_1_321' title='bbox 163 3329 301 3415; x_wconf 75' lang='lat' dir='ltr'><strong>Dialogi</strong></span> <span class='ocrx_word' id='word_1_322' title='bbox 318 3346 410 3399; x_wconf 82' lang='lat' dir='ltr'><strong>antea</strong></span> <span class='ocrx_word' id='word_1_323' title='bbox 424 3355 493 3399; x_wconf 87' lang='lat' dir='ltr'><strong>sum</strong></span> <span class='ocrx_word' id='word_1_324' title='bbox 505 3333 746 3422; x_wconf 83' lang='lat' dir='ltr'><strong>interpretatus.</strong></span> <span class='ocrx_word' id='word_1_325' title='bbox 771 3334 904 3399; x_wconf 84' lang='lat' dir='ltr'><strong>Bouno.</strong></span> <span class='ocrx_word' id='word_1_326' title='bbox 949 3332 1047 3401; x_wconf 79' lang='lat' dir='ltr'><strong>conf.</strong></span> <span class='ocrx_word' id='word_1_327' title='bbox 1063 3329 1143 3397; x_wconf 85' lang='lat' dir='ltr'><strong>infr.</strong></span> <span class='ocrx_word' id='word_1_328' title='bbox 1156 3330 1276 3401; x_wconf 79' lang='lat' dir='ltr'><strong>Amor.</strong></span> 
     </span>
     <span class='ocr_line' id='line_1_37' title="bbox 166 3418 394 3491; baseline 0.026 -10"><span class='ocrx_word' id='word_1_329' title='bbox 166 3418 394 3491; x_wconf 72' lang='lat' dir='ltr'><strong>o-8.Sonaa.</strong></span> 
     </span>
    </p>

    <p class='ocr_par' dir='ltr' id='par_1_12' title="bbox 166 3498 1279 3739">
     <span class='ocr_line' id='line_1_38' title="bbox 250 3498 1279 3585; baseline 0.006 -24"><span class='ocrx_word' id='word_1_330' title='bbox 250 3500 322 3582; x_wconf 79' lang='lat' dir='ltr'><strong>Pog.</strong></span> <span class='ocrx_word' id='word_1_331' title='bbox 339 3510 408 3576; x_wconf 83' lang='lat'><strong>113.</strong></span> <span class='ocrx_word' id='word_1_332' title='bbox 423 3506 442 3574; x_wconf 84' lang='lat' dir='ltr'><strong>l,</strong></span> <span class='ocrx_word' id='word_1_333' title='bbox 457 3510 487 3570; x_wconf 82' lang='lat'><strong>2.</strong></span> <span class='ocrx_word' id='word_1_334' title='bbox 511 3505 611 3584; x_wconf 74' lang='grc' dir='ltr'><em>Δίκην</em></span> <span class='ocrx_word' id='word_1_335' title='bbox 625 3500 755 3585; x_wconf 71' lang='grc' dir='ltr'>ἔφυγον)</span> <span class='ocrx_word' id='word_1_336' title='bbox 778 3499 889 3561; x_wconf 88' lang='lat' dir='ltr'><strong>Scribo</strong></span> <span class='ocrx_word' id='word_1_337' title='bbox 903 3500 1024 3582; x_wconf 75' lang='grc' dir='ltr'><strong><em>ἔφυγεν.</em></strong></span> <span class='ocrx_word' id='word_1_338' title='bbox 1044 3498 1161 3569; x_wconf 73' lang='lat' dir='ltr'><strong>Biton.¹</strong></span> <span class='ocrx_word' id='word_1_339' title='bbox 1206 3502 1279 3567; x_wconf 80' lang='lat' dir='ltr'><strong>Sed-</strong></span> 
     </span>
     <span class='ocr_line' id='line_1_39' title="bbox 167 3582 1275 3673; baseline 0.006 -31"><span class='ocrx_word' id='word_1_340' title='bbox 167 3582 242 3673; x_wconf 84' lang='lat' dir='ltr'><strong>quia</strong></span> <span class='ocrx_word' id='word_1_341' title='bbox 257 3585 287 3651; x_wconf 81' lang='lat' dir='ltr'><strong>S.</strong></span> <span class='ocrx_word' id='word_1_342' title='bbox 303 3584 366 3651; x_wconf 90' lang='lat' dir='ltr'><strong>hoc</strong></span> <span class='ocrx_word' id='word_1_343' title='bbox 377 3591 439 3668; x_wconf 84' lang='lat' dir='ltr'><strong>jam</strong></span> <span class='ocrx_word' id='word_1_344' title='bbox 454 3585 568 3666; x_wconf 85' lang='lat' dir='ltr'><strong>habet,</strong></span> <span class='ocrx_word' id='word_1_345' title='bbox 591 3609 651 3671; x_wconf 84' lang='lat' dir='ltr'><strong>ego</strong></span> <span class='ocrx_word' id='word_1_346' title='bbox 665 3589 758 3672; x_wconf 73' lang='grc' dir='ltr'><em>ἔφυγε</em></span> <span class='ocrx_word' id='word_1_347' title='bbox 772 3598 904 3670; x_wconf 84' lang='lat' dir='ltr'><strong>propter</strong></span> <span class='ocrx_word' id='word_1_348' title='bbox 918 3582 1113 3667; x_wconf 86' lang='lat' dir='ltr'><strong>euphoniam</strong></span> <span class='ocrx_word' id='word_1_349' title='bbox 1127 3584 1275 3653; x_wconf 76' lang='lat' dir='ltr'><strong>scribere</strong></span> 
     </span>
     <span class='ocr_line' id='line_1_40' title="bbox 166 3668 549 3739; baseline 0.008 -12"><span class='ocrx_word' id='word_1_350' title='bbox 166 3687 233 3736; x_wconf 76' lang='lat' dir='ltr'><strong>nott</strong></span> <span class='ocrx_word' id='word_1_351' title='bbox 247 3668 404 3739; x_wconf 82' lang='lat' dir='ltr'><strong>dubitavi.</strong></span> <span class='ocrx_word' id='word_1_352' title='bbox 426 3672 549 3737; x_wconf 68' lang='lat' dir='ltr'><strong>Retro.</strong></span> 
     </span>
    </p>

    <p class='ocr_par' dir='ltr' id='par_1_13' title="bbox 167 3752 1274 3907">
     <span class='ocr_line' id='line_1_41' title="bbox 252 3752 1274 3843; baseline 0.001 -30"><span class='ocrx_word' id='word_1_353' title='bbox 252 3753 331 3818; x_wconf 82' lang='lat' dir='ltr'><strong>Ibid.</strong></span> <span class='ocrx_word' id='word_1_354' title='bbox 345 3753 502 3837; x_wconf 81' lang='grc' dir='ltr'>Ἕφυγεν)</span> <span class='ocrx_word' id='word_1_355' title='bbox 525 3756 580 3823; x_wconf 88' lang='lat' dir='ltr'><strong>W.</strong></span> <span class='ocrx_word' id='word_1_356' title='bbox 599 3753 681 3822; x_wconf 86' lang='lat' dir='ltr'><strong>Cod.</strong></span> <span class='ocrx_word' id='word_1_357' title='bbox 702 3770 735 3816; x_wconf 86' lang='lat' dir='ltr'><strong>et</strong></span> <span class='ocrx_word' id='word_1_358' title='bbox 750 3754 899 3838; x_wconf 89' lang='lat' dir='ltr'><strong>plerique</strong></span> <span class='ocrx_word' id='word_1_359' title='bbox 922 3752 1068 3836; x_wconf 80' lang='lat' dir='ltr'><strong>impressi</strong></span> <span class='ocrx_word' id='word_1_360' title='bbox 1092 3754 1225 3843; x_wconf 65' lang='grc' dir='ltr'><strong><em>ἔφυγον.</em></strong></span> <span class='ocrx_word' id='word_1_361' title='bbox 1240 3758 1274 3827; x_wconf 77' lang='lat'><strong>8,</strong></span> 
     </span>
     <span class='ocr_line' id='line_1_42' title="bbox 167 3839 1258 3907; baseline 0.009 -11"><span class='ocrx_word' id='word_1_362' title='bbox 167 3850 252 3897; x_wconf 86' lang='lat' dir='ltr'><strong>recte</strong></span> <span class='ocrx_word' id='word_1_363' title='bbox 267 3839 412 3903; x_wconf 83' lang='lat' dir='ltr'><strong>mutavit.</strong></span> <span class='ocrx_word' id='word_1_364' title='bbox 438 3839 564 3907; x_wconf 72' lang='lat' dir='ltr'><strong>Soram.</strong></span> <span class='ocrx_word' id='word_1_365' title='bbox 1255 3856 1258 3861; x_wconf 88' lang='lat'>&#39;</span> 
     </span>
    </p>
   </div>
   <div class='ocr_carea' id='block_1_12' title="bbox 252 3882 1276 4017">
    <p class='ocr_par' dir='ltr' id='par_1_14' title="bbox 252 3882 1276 4017">
     <span class='ocr_line' id='line_1_43' title="bbox 252 3882 1276 4017; baseline 0.006 -26"><span class='ocrx_word' id='word_1_366' title='bbox 252 3919 329 3991; x_wconf 63' lang='lat' dir='ltr'><strong>Eud·</strong></span> <span class='ocrx_word' id='word_1_367' title='bbox 349 3924 368 3985; x_wconf 86' lang='lat' dir='ltr'><strong>l.</strong></span> <span class='ocrx_word' id='word_1_368' title='bbox 391 3927 422 3998; x_wconf 75' lang='lat'><strong>4.</strong></span> <span class='ocrx_word' id='word_1_369' title='bbox 453 3919 556 3999; x_wconf 73' lang='grc' dir='ltr'><em>Αὐτοῦ</em></span> <span class='ocrx_word' id='word_1_370' title='bbox 579 3920 722 4017; x_wconf 65' lang='grc' dir='ltr'><strong>ἐλάβετο)</strong></span> <span class='ocrx_word' id='word_1_371' title='bbox 751 3920 842 4007; x_wconf 71' lang='lat' dir='ltr'><strong>Quod</strong></span> <span class='ocrx_word' id='word_1_372' title='bbox 864 3947 928 3993; x_wconf 76' lang='lat' dir='ltr'><strong>eum</strong></span> <span class='ocrx_word' id='word_1_373' title='bbox 950 3947 1041 3989; x_wconf 79' lang='lat' dir='ltr'><strong>manu</strong></span> <span class='ocrx_word' id='word_1_374' title='bbox 1060 3882 1276 4015; x_wconf 62' lang='lat' dir='ltr'><strong>pt‘edettde&#39;md·</strong></span> 
     </span>
    </p>
   </div>
   <div class='ocr_carea' id='block_1_13' title="bbox 168 4005 276 4075">
    <p class='ocr_par' dir='ltr' id='par_1_15' title="bbox 168 4005 276 4075">
     <span class='ocr_line' id='line_1_44' title="bbox 168 4005 276 4075; baseline -0.019 -8"><span class='ocrx_word' id='word_1_375' title='bbox 168 4005 276 4075; x_wconf 77' lang='lat' dir='ltr'><strong>Banu,</strong></span> 
     </span>
    </p>
   </div>
   <div class='ocr_carea' id='block_1_14' title="bbox 0 0 1346 4680">
    <p class='ocr_par' dir='ltr' id='par_1_16' title="bbox 0 0 1346 4680">
     <span class='ocr_line' id='line_1_45' title="bbox 0 0 1346 4680; baseline 0 0"><span class='ocrx_word' id='word_1_376' title='bbox 0 0 1346 4680; x_wconf 95' lang='lat' dir='ltr'><strong> </strong></span> 
     </span>
    </p>
   </div>
  </div>
 </body>
</html>
