2634 4680
292 265 900 355 ruusnuorr'nun.
1072 292 1146 379 387

133 450 299 520 Ead.l.8.
317 445 579 526 Ἐςτόῧστατον)
603 448 714 512 Valde.
744 450 861 512 Bnou‘.¹
907 496 910 502 -

132 538 211 599 Eud.
228 541 249 599 1.
267 546 315 605 13.
337 536 442 615 Δίων)
464 536 542 595 Fuit
563 550 597 595 et
609 533 700 595 illius
716 536 855 595 nominis
872 533 1010 621 insignis
1028 536 1146 620 sophir

47 637 115 696 sta3
138 621 193 683 sed
208 622 235 681 is
254 620 310 691 diu
324 634 398 681 ante
420 620 507 680 huno
519 618 614 682 vixit.
660 619 972 702 Conf.haecpotius
991 641 1062 685 cum
1077 626 1146 685 Ls-
1207 636 1212 643 ’

47 706 204 788 xiph.ubi
219 704 257 766 de
272 704 532 786 profligatissimo
544 702 783 762 illiusnominis
797 702 929 775 homins
944 704 1041 778 etiam
1057 728 1146 769 mous

47 793 97 852 tio
114 791 161 853 fit.
206 791 304 850 Hunc
328 809 388 872 ego
406 788 552 866 suspicor
572 786 756 868 Sophistam
768 788 865 847 etiam
881 788 993 852 fuisse.
1016 790 1145 855 Sonam.

48 876 115 957 Qui
132 875 253 934 Dionis
272 874 367 933 istius
394 874 430 930 in
451 869 592 951 Lexiph.
607 893 633 934 c.
651 880 701 938 11.
718 892 765 951 sq.
790 871 948 952 depictam
974 873 1145 957 imaginem

47 959 268 1021 foedissimam
284 981 354 1017 cum
370 956 466 1036 hujus
482 955 585 1014 nostri
598 955 720 1015 Dionis
734 953 840 1040 effigie
853 970 999 1017 accurate
1014 980 1152 1040 compa«

47 1044 183 1113 raverit,
207 1065 279 1103 eum
303 1040 397 1100 credo
424 1038 553 1100 facilius
577 1040 673 1100 etiem
690 1041 834 1101 Dionem
860 1040 952 1101 illum
973 1040 1145 1120 Syracusa·

47 1150 143 1205 num,
166 1131 219 1189 vel
236 1125 331 1186 etiam
346 1123 627 1204 Chrysostomum‚
652 1145 745 1206 quam
761 1147 851 1198 curn,
875 1123 983 1205 quiin
999 1125 1145 1208 Lexiph.

47 1227 197 1288 notatur,
224 1209 397 1270 Damasiae
419 1207 558 1281 athletae
589 1207 692 1285 filium
712 1208 848 1271 eundem
868 1229 936 1270 esse
959 1207 1146 1292 habiturum

45 1317 119 1355 oum
135 1295 198 1355 boc
211 1289 565 1375 nostrophilosophiae
580 1297 715 1355 cultore.
758 1294 888 1353 Frustra
905 1292 983 1354 talia
999 1313 1147 1375 quaeras,

46 1379 104 1439 ubi
119 1393 261 1458 apertum
277 1376 350 1437 ficta
364 1397 431 1439 esse
447 1376 588 1451 nomina.
619 1378 740 1455 Lanu.
1058 1375 1081 1443 ,ᾖ

131 1464 204 1546 Pag·
221 1465 305 1529 17.1.
322 1470 348 1528 1.
374 1460 549 1536 Ἀπεδίδου)
583 1460 652 1544 Qui
675 1459 794 1539 nescit,
824 1461 890 1521 hoc
910 1459 1040 1522 verbum
1065 1483 1146 1544 pro·

46 1547 153 1629 prium
179 1569 247 1608 esse
267 1546 411 1613 mercedi,
428 1544 618 1622 solvendae,
641 1560 675 1608 et
697 1546 883 1626 saepissime
900 1567 971 1607 oum
989 1547 1143 1607 substant.

46 1630 157 1715 μισθὸς
172 1630 372 1715 jungi‚adeat
381 1629 447 1694 Juc.
455 1628 616 1690 Elsner.ad
624 1631 749 1712 Evang.
759 1629 872 1711 March.
879 1630 952 1705 XX,
962 1639 992 1699 8.
1003 1631 1059 1690 ubi
1069 1627 1145 1697 cind-

45 1723 100 1791 ὁος
114 1716 217 1794 αὐτοῖς
235 1713 289 1780 τὸν
306 1712 419 1796 μισθὸν
433 1737 474 1775 ex
486 1713 604 1776 Aeliu.
627 1717 696 1779 Tot.
713 1714 870 1796 Aristopd.
886 1712 1009 1793 Aeliae.
1029 1715 1143 1777 ethos

44 1803 198 1863 Lucioneo
212 1799 402 1861 testimonio
416 1796 577 1878 probatur.
610 1799 733 1860 Rurrz.

130 1885 210 1945 laid.
237 1881 349 1965 Παρὰ)
372 1883 411 1942 In
431 1882 592 1963 impressis
606 1882 726 1964 legitur
737 1883 807 1965 περὶ
812 1928 823 1960 ,
846 1880 1046 1945 hauddubie
1065 1904 1144 1945 cor-

44 1983 149 2051 rupte.
194 1970 246 2030 M.
261 1970 296 2028 P.
308 1981 340 2028 et
356 1967 397 2026 L.
413 1982 497 2025 recte
510 1962 603 2046 παρά.
633 1968 759 2032 8οω.

130 2053 206 2113 End.
219 2057 241 2114 l.
256 2061 286 2119 7.
311 2057 417 2115 EPM.
438 2049 602 2131 Πονηρὸς)
631 2051 792 2111 Omissum
811 2076 871 2113 non
884 2054 1006 2128 mirum,
1030 2065 1085 2112 ant
1098 2053 1143 2112 si-

43 2137 121 2200 mile
136 2137 230 2218 quid,
252 2158 314 2218 qua
328 2137 454 2195 ratione
471 2149 503 2194 et
517 2136 679 2196 Romanos
693 2137 741 2196 uti
757 2157 820 2211 suo,
833 2162 903 2198 nam
917 2143 968 2198 vel
981 2141 1066 2216 enim,
1091 2158 1144 2198 os.

44 2221 208 2282 tendimus
226 2219 265 2280 ad
285 2219 409 2299 Quintil.
426 2227 522 2298 211,
539 2228 569 2286 7.
593 2222 832 2281 Transferamus
846 2221 909 2298 hoc
927 2223 1024 2283 etiam
1042 2221 1143 2282 adil·
1198 2238 1205 2247 “

42 2305 118 2382 lud,
150 2305 237 2387 quod
261 2327 338 2365 mox
360 2304 524 2386 sequitur,
554 2307 609 2369 οἴει
631 2303 689 2389 γὰρ
710 2301 756 2368 ὅτι
776 2306 886 2370 ἑαυτοῦ
904 2304 991 2389 χάριν
1012 2332 1041 2369 κ.
1065 2331 1090 2370 τ.
1114 2313 1141 2373 l.

42 2395 118 2454 Hoc
133 2391 217 2450 enim
230 2394 319 2469 vult,
342 2390 411 2473 Non
422 2392 529 2448 mirum
543 2405 571 2449 ie
583 2394 628 2450 isa
641 2393 834 2472 interrogare,
858 2395 910 2452 vel
922 2394 1014 2453 sentio
1030 2415 1083 2452 cur
1096 2393 1142 2452 im

42 2482 201 2555 interroges
216 2489 277 2540 etc.
321 2474 445 2552 Nempe
469 2495 539 2533 cum
563 2475 713 2558 frequens
737 2475 908 2536 admodum
932 2477 974 2535 sit
990 2474 1024 2537 id
1039 2495 1140 2559 genus

41 2561 185 2640 ellipsis,
207 2559 314 2618 malim
335 2578 401 2617 eam
419 2557 473 2616 hic
495 2579 623 2640 quoque
638 2558 809 2636 adhibere,
832 2582 925 2644 quam
942 2560 1042 2621 varias
1059 2558 1140 2621 adeo

42 2645 222 2727 paniculae
240 2641 297 2724 γὰρ
320 2640 575 2722 significationes
590 2641 740 2702 tribuere.
788 2645 860 2704 Hoc
875 2648 972 2704 semel
989 2643 1142 2704 observa·
1159 2706 1162 2724 Ι

43 2745 112 2787 tum
131 2725 169 2785 ad
186 2731 293 2806 plures
316 2725 594 2803 interpretationis
616 2742 744 2787 nostrae
758 2730 848 2788 locos
864 2730 1026 2810 pertinere
1045 2720 1143 2789 ride·-

43 2813 111 2888 bit,
136 2811 191 2891 qui
206 2815 295 2870 volet
311 2805 484 2870 attendere.
507 2809 610 2868 Gnsu.
693 2885 695 2889 Α

129 2894 207 2954 End.
220 2897 243 2954 1.
259 2901 307 2960 10.
326 2886 522 2956 Ἀποδιδόασι
541 2890 598 2977 γὰρ
614 2885 698 2981 αὐτῷ
711 2891 786 2959 κατὰ
803 2889 912 2976 καιρόν
935 2888 1008 2969 τούς
1022 2890 1141 2969 τόκους.

43 2990 125 3047 Λυκ.
140 2982 170 3041 τί
185 2982 233 3050 δὲ,
258 2973 297 3041 dv
315 2975 355 3059 μὴ
369 2972 574 3051 ἀποδιδῶσιν)
597 2981 649 3039 Au
671 3001 737 3040 non
752 2980 879 3041 videtur
895 2977 1048 3039 mutanda
1063 3000 1142 3059 per-

43 3087 142 3136 sona,
166 3079 201 3122 et
214 3063 354 3122 Luciani
367 3082 484 3122 nomen
502 3064 762 3144 praeponendum
776 3065 826 3124 his
840 3062 1014 3125 omnibus?
1045 3061 1141 3124 Certe

42 3148 206 3212 efficacior
220 3147 281 3205 erit
297 3151 403 3218 lusus;
428 3148 536 3226 quasi,
560 3169 631 3208 oum
648 3150 865 3209 Hermotimus
880 3159 1044 3210 excusaret
1057 3167 1141 3223 eum,

44 3233 133 3316 quod
150 3231 232 3289 nihil
249 3230 399 3290 adversus
421 3230 502 3289 alios
518 3253 645 3292 saevum
663 3248 834 3310 statueret,
857 3231 1050 3314 respondeat
1065 3231 1142 3303 Lu-

44 3320 157 3378 cianus
173 3316 298 3390 ridens,
323 3314 356 3372 id
378 3312 529 3375 videlicet
543 3317 657 3376 mirum
678 3339 744 3377 nou
759 3340 843 3399 esse,
867 3320 943 3400 quia
960 3314 1010 3375 illi
1023 3313 1143 3375 obeant

43 3405 79 3463 in
99 3404 231 3461 foenore
253 3397 407 3459 solvendo
424 3400 637 3461 constitutum
657 3417 797 3485 tempus:
821 3420 888 3462 tum
911 3400 1018 3484 pergit
1034 3398 1067 3456 iu
1082 3419 1141 3459 ea·

45 3488 115 3547 dem
133 3506 277 3566 persona.
314 3481 401 3566 Quid
418 3484 547 3544 autem?
573 3507 613 3545 su
629 3487 676 3546 sic
693 3488 823 3546 futurus
838 3501 936 3562 esset,
959 3487 987 3544 si
1004 3504 1071 3542 non
1087 3478 1143 3543 da·

43 3570 141 3632 rent?
175 3571 285 3632 Gnorr.
338 3567 387 3626 Ad
410 3566 510 3645 banc,
540 3570 605 3628 nisi
628 3571 742 3647 fallor,
772 3570 1013 3631 adnotationem
1036 3565 1143 3648 respi-

44 3656 153 3729 ciens,
177 3655 257 3714 bene
277 3650 440 3736 Seyboldus
454 3674 516 3712 rem
533 3654 673 3734 explicat
689 3654 741 3714 his
756 3655 879 3718 verbisa
902 3651 1074 3732 „Lycinna
1090 3650 1143 3721 si-

44 3744 181 3799 mularat
191 3759 224 3798 se
240 3738 383 3799 credere:
406 3737 547 3797 Dionem
557 3737 592 3795 in
606 3743 655 3818 jus
670 3754 795 3819 raptum
810 3761 878 3801 esse
895 3739 935 3798 ob
950 3733 1139 3797 didactrum.

44 3829 108 3906 jam
125 3823 342 3882 Hermotimus
359 3835 474 3900 sponte
488 3819 615 3902 prodit:
639 3825 760 3883 factum
775 3846 843 3884 esse
857 3823 898 3883 ob
916 3842 981 3881 non
997 3839 1141 3901 numera-

46 3924 111 3966 tam
126 3908 262 3987 tempori
276 3930 394 3966 usuram
403 3952 413 3982 ,
437 3919 486 3981 et,
510 3927 657 3989 magnum
674 3908 764 3966 illum
780 3901 1023 3989 philosophum,
1043 3921 1142 3985 supra

45 4006 128 4051 astra
153 3994 213 4069 jam
235 3995 427 4067 exaltatum,
448 3990 607 4050 foenerari
624 3991 719 4049 etiam
735 3993 843 4051 multis
859 3992 967 4051 aliis.“
989 3986 1141 4049 Ceterum

45 4075 164 4138 erravit
187 4072 403 4151 Schmiederus,
428 4073 516 4157 quod
538 4074 725 4156 opinionem
745 4077 834 4147 illam
860 4075 899 4138 de
922 4068 1141 4157 permutandis

825 4158 932 4228 ssa
