2634 4680
294 276 360 322 ru
411 274 899 327 unauorrarusr.
1076 255 1151 327 389
1261 276 1274 287 ⁸

49 419 231 481 riositatem
241 463 252 495 ,
274 441 393 481 nomen
408 419 574 497 Euoratis,
597 419 726 502 aliaque
739 419 898 503 perhunc
915 417 1078 501 dialogum
1095 417 1151 479 ob·

48 507 122 580 uia,
148 503 289 565 tenuiter
304 504 542 588 investigandi,
565 505 702 586 castigat
719 521 751 566 et
766 504 961 586 perstringit.
997 504 1050 565 Cf.
1067 523 1150 583 quaa

44 611 145 669 *supra
163 588 273 650 notavi
289 611 358 670 cap.
374 595 404 656 9.
419 589 459 648 ad
477 612 592 650 nomen
610 590 726 653 Dionis.
773 590 880 673 Quam
894 588 1014 649 variam
1028 587 1150 648 lectio-

48 696 122 732 nem
150 671 355 734 Bourdelotius
376 674 475 735 relert
500 694 572 735 ase
597 673 811 750 emendatam,
835 670 985 756 crispiora,-
1018 679 1087 731 eam
1112 671 1149 733 in

47 758 86 818 Β.
101 768 129 824 3.
138 807 147 833 ,
170 779 248 840 qua,
273 759 308 816 ni
331 760 443 833 fallor,
468 758 586 818 Editor
610 758 666 818 ille
683 779 760 821 usus
783 773 849 835 est,
871 756 974 836 reperi
994 752 1151 832 Edaotiost

49 842 237 916 exhibitam.
268 842 401 904 Ceterae
417 863 494 903 vero
509 855 631 904 veteres
647 857 730 904 recte
748 841 850 905 edunt
865 838 1022 923 Εὐκράτει.
1046 842 1152 903 Recte

48 928 143 986 etiam
166 924 295 985 monuit
313 926 497 987 {Viehzndr'us
511 931 534 986 l.
551 947 576 984 c.
592 925 655 986 hoc
677 927 843 998 Eucratis‚
868 926 953 986 haud
972 925 1068 986 dubie
1084 925 1149 987 viri
1221 932 1224 939 ’

47 1009 212 1090 cujusdam
232 1008 356 1069 nobilis
383 1010 610 1089 Atheniensis,
645 1011 832 1071 convivium
855 1010 1024 1070 admodum
1047 1009 1148 1070 simili

46 1093 157 1154 indole
174 1093 275 1154 fuisse
296 1117 366 1153 cum
391 1116 447 1167 eo,
471 1093 560 1177 quod
581 1093 665 1159 idem
684 1096 806 1156 Noster
828 1096 977 1176 pluribus.
991 1093 1095 1155 verbis
1109 1094 1145 1154 in
1252 1132 1255 1137 ,

44 1179 201 1260 peculiari
216 1178 346 1238 libello:
372 1179 558 1255 Conuiuium,
582 1205 608 1242 s.
618 1180 786 1263 Lapithae)
811 1179 1023 1260 descripserit.
1066 1176 1146 1237 Exi.

44 1264 108 1323 mie
122 1262 278 1346 denique,
303 1285 362 1324 nec
383 1284 459 1325 sane
471 1264 650 1340 immerito,
679 1265 994 1326 Wielandius'salsam
1011 1284 1049 1322 aa
1064 1262 1146 1325 mire

43 1348 195 1423 festivam
217 1347 351 1407 ironiam
374 1348 552 1430 praedicat,
577 1370 646 1431 ,qua
667 1349 823 1411 Lucienus
846 1349 1007 1430 perhanc
1030 1367 1171 1433 narra·⁸
1277 1354 1280 1365 ’

43 1431 222 1492 tiunculam
242 1434 367 1494 mollire
384 1447 417 1496 et
433 1456 584 1495 excusare
610 1434 848 1514 aliquantulum
862 1456 931 1497 sese
945 1433 1075 1491 simulet
1091 1452 1145 1492 ve-

43 1515 105 1573 tuli
120 1514 309 1597 philosophi
327 1520 517 1590 crassissima
535 1534 568 1579 et
582 1518 670 1578 omni
687 1541 728 1579 ex
743 1531 832 1598 parte
851 1517 1035 1597 turpissima
1052 1513 1143 1581 vitia.

41 1600 108 1659 Hic
124 1602 241 1683 unguis
260 1616 327 1678 est,
349 1624 471 1684 err-quo
490 1608 615 1663 leonem
633 1610 795 1685 agnoscas.
818 1603 939 1664 Lurius.

126 1687 201 1766 Pag-
220 1693 269 1753 19.
286 1690 357 1756 1:80
392 1680 476 1770 Oris)
498 1687 533 1750 P.
553 1702 585 1749 ct
610 1687 652 1749 L.
676 1708 736 1769 pro
760 1678 818 1763 mi,
841 1687 928 1769 quod
952 1684 986 1745 in
1008 1681 1142 1766 reliquit

41 1783 97 1834 est.
120 1772 248 1831 Soram

123 1853 201 2000 gad.
217 1859 240 1914 l.
255 1863 286 1922 7.
315 1856 519 1937 Φιλοτησίας)
543 1853 665 1919 Confer
682 1875 778 1940 supra
794 1853 832 1917 de
845 1856 948 1922 Merc.
963 1852 1058 1914 cond.
1070 1870 1141 1934 cap·

42 1946 94 2006 16.
119 1964 124 1971 ·
151 1959 252 2000 onau.
846 1995 850 2001 ,
1119 1984 1123 1991 .

125 2023 202 2086 Eud.
219 2028 240 2082 l.
260 2031 289 2090 9.
311 2016 447 2110 Ἀριθμῷ
460 2032 567 2105 παραὶ.
585 2022 622 2088 roi
639 2019 729 2107 κρέα)
752 2025 818 2085 Hic
835 2021 941 2084 adhuc
955 2043 1022 2082 mos
1041 2041 1141 2081 usur·

39 2124 136 2188 patur
154 2130 170 2165 a
187 2107 365 2190 Theologis
382 2111 616 2171 Parisiensibus
633 2110 666 2168 in
688 2108 885 2171 solemnibus
903 2105 1140 2183 initiandorum

40 2193 214 2253 conviviis.
238 2193 404 2274 Longolius
421 2194 617 2276 inExcerpt.
641 2194 736 2275 Apud
749 2193 892 2274 Theophr.
909 2191 1030 2253 deEth.
1043 2189 1138 2254 Char.

40 2280 117 2360 Περὶ
130 2274 349 2359 ἀναισχυντίας.
373 2276 664 2360 Πραςκαλεσᾶμενος
676 2275 729 2343 τὸν
744 2275 932 2348 ἀκόλουθον,
956 2281 1063 2340 δοῦναι
1078 2267 1139 2339 ded

37 2371 92 2440 τῆς
106 2364 261 2445 τραπέζης.
294 2364 407 2426 Athen.
425 2365 498 2430 inis.
515 2365 574 2427 IV.
610 2363 685 2431 Vid.
700 2362 828 2429 Cosani.
848 2360 1053 2444 adTbeoplrr.
1064 2379 1138 2445 pag.

37 2455 110 2514 219.
143 2449 269 2508 Sonau.
405 2502 409 2511 ,
682 2499 686 2505 ,

122 2532 196 2612 Peg.
213 2539 265 2597 20.
279 2537 301 2592 l.
318 2540 347 2600 3.
379 2529 522 2612 Triuia
549 2541 632 2616 πραῖ
640 2560 682 2596 τα
704 2532 845 2612 φασὶν]
873 2532 969 2591 Hanc
991 2529 1140 2589 ultimant
1211 2562 1215 2567 ·

38 2639 150 2678 vocem
173 2617 219 2676 sic
241 2631 407 2675 verterunt
426 2617 549 2677 Balissus
571 2633 603 2679 et
633 2618 833 2691 Wielandius,
858 2638 895 2675 ac
914 2617 942 2674 si
960 2613 1141 2693 scripsisset

39 2716 152 2762 auctor
169 2702 274 2778 φησίν.
320 2699 462 2761 Gesnerus
478 2722 607 2781 prorsus
623 2703 742 2766 omisit,
765 2703 825 2759 Est
840 2715 945 2762 autem
961 2702 1055 2777 φασὶν
1069 2712 1140 2756 turn

38 2786 120 2851 hoc.
145 2798 211 2842 tum
229 2783 281 2859 id,
304 2783 391 2864 quod
407 2806 487 2843 mox
503 2786 664 2866 sequitur,
688 2806 754 2845 non
770 2784 867 2843 unice
880 2804 916 2844 ac
932 2784 1080 2864 proxime
1096 2779 1139 2845 ad

36 2868 162 2930 Midam
187 2889 313 2927 servum
339 2867 560 2944 referendum,
583 2869 638 2928 sed
659 2868 699 2928 ad
721 2867 899 2947 discipulos
919 2858 1141 2949 quoquephiss

36 2952 180 3032 Iosophi,
202 2952 317 3024 quibus
334 2951 443 3011 Midas
458 2951 545 3012 docti
560 2954 648 3015 illins
663 2952 845 3013 certaminis
860 2952 1027 3026 rationem,
1053 2953 1141 3010 viam

37 3052 70 3099 et
96 3029 222 3096 exitum
241 3050 431 3097 narraverat.
476 3036 574 3119 Quod
597 3036 727 3119 quidem
742 3035 817 3096 ideo
833 3034 1026 3097 monendum
1041 3031 1136 3109 duco,

36 3121 166 3202 nequis
187 3121 367 3198 existimet,
392 3122 485 3200 φασὶν
509 3121 588 3203 poni
612 3141 724 3201 posse,
747 3125 799 3182 vel
815 3120 846 3182 h.
863 3124 886 3182 l.
901 3141 974 3181 vere
993 3119 1137 3201 positum

37 3228 123 3281 esse,
142 3227 200 3287 pro
217 3207 331 3286 φησὶν,
354 3205 403 3265 uti
420 3207 491 3267 vice
507 3227 596 3266 versa
610 3206 718 3279 fuere,
735 3204 790 3289 qui
809 3208 884 3286 φησὶ
901 3222 1136 3284 nonnunquam

34 3313 94 3372 pro
118 3293 193 3369 φασὶ
214 3304 402 3368 usurpatum
425 3292 527 3350 fuisse
546 3290 630 3353 serio
654 3288 895 3353 contenderent.
939 3291 994 3348 De
1017 3285 1136 3372 quihuo

31 3382 95 3458 jam
111 3375 189 3434 alibi
205 3373 326 3435 dictum
343 3374 407 3448 (ad
422 3376 484 3436 Pro
499 3377 601 3439 Mero.
619 3373 725 3437 Cond.
744 3398 770 3436 c.
788 3379 848 3452 1.).
872 3375 993 3434 Laura.
1138 3414 1142 3423 ·

118 3458 197 3520 Eud·
215 3463 238 3522 l·
254 3466 284 3528 6.
319 3454 393 3527 Odd'
414 3455 580 3542 ἀναιμωτὶ)
611 3460 658 3523 Ut
679 3460 714 3520 in
737 3460 820 3525 Tim.
843 3473 876 3521 et
902 3457 1018 3541 passim
1043 3454 1142 3521 alibi..

31 3546 168 3606 Bonan.
1129 3588 1144 3601 ,,

120 3628 198 3692 Eae.
219 3633 240 3694 l.
259 3634 291 3695 9.
321 3637 378 3694 Σκ.
412 3626 599 3708 Νεστόρειόν
624 3635 710 3706 τινα)
745 3628 987 3712 Capacisss'mum.
1026 3627 1069 3689 Il.
1091 3633 1133 3692 Α.

32 3715 142 3776 Baon.
187 3715 276 3774 Talis
296 3713 366 3774 rixa
386 3715 419 3774 in
442 3715 577 3793 Lapith.
594 3730 627 3780 et
648 3714 734 3798 apud
751 3714 874 3777 Heliod.
888 3713 943 3777 lib.
957 3717 989 3780 5.
1006 3710 1136 3794 descy-

31 3797 101 3880 pho
118 3797 286 3861 Nestoreo.
329 3800 453 3881 Interp.
471 3799 630 3861 Martialis
647 3821 688 3861 ex
701 3799 795 3862 Iliad.
814 3807 863 3867 11·
893 3801 1031 3860 Bonan.
1077 3797 1143 3861 At·-

31 3906 95 3955 πας
116 3877 360 3962 ἀμφικύπελλον,
383 3883 422 3945 de
444 3904 509 3966 quo
530 3883 679 3946 Homerus
701 3898 734 3947 ct
752 3882 929 3947 Aristoteles
953 3880 992 3944 de
1006 3880 1144 3987 apibusk

31 3965 193 4031 Martialis
204 3964 305 4044 VIII,
322 3976 355 4038 6.
369 3968 456 4050 apud
469 3989 545 4031 nos:

195 4049 263 4115 Hic
273 4049 335 4117 dus
352 4050 495 4138 longaevo
515 4071 665 4117 emuntur
678 4037 800 4118 Nestore
807 4050 924 4144 fundi,
