2634 4680
253 302 375 350 .rtr
427 298 932 361 stramentum..
1089 292 1165 363 439

150 448 230 511 ibid.
255 445 346 530 Mnd'
361 421 462 534 λε’ρὲύι)
484 447 591 509 Possis
609 448 694 508 forte
719 446 842 528 dicere,
867 448 949 512 illud
968 457 1013 539 τῷ
1027 448 1102 535 μηδ’
1118 457 1163 521 [ε.

66 539 120 620 ρέα
140 570 184 583 -
204 541 404 617 παρακαλεῖν,
430 535 551 594 dictum
566 553 634 594 esse
646 553 703 613 per
718 532 845 615 ellipsin
859 543 914 618 τῆς
927 539 969 601 lv.
1008 539 1070 599 Sed
1085 546 1163 603 mol,

64 624 130 683 lius
143 619 223 679 mihi
241 618 433 682 videbantur
449 618 526 680 baec
541 619 586 677 ita
600 639 618 677 a
634 618 773 679 Lucieno
788 623 984 703 composita,
1005 623 1163 706 subjiciam
1266 632 1272 648 ⁴

67 708 123 768 ribi
140 704 243 768 aliud:
266 704 344 789 qnid
361 703 490 788 igitur?
517 700 551 768 τά
573 704 646 784 μηδὲ
666 710 871 784 παρακαλεῖν,
899 720 933 766 et
953 706 1016 768 boc
1035 725 1164 772 secutus

67 815 136 852 sum
153 793 187 850 in
204 787 465 871 interpretando,
490 807 594 870 neque
618 787 780 867 piaculum
798 802 898 870 puto,
928 790 956 850 si
973 793 1046 875 quis
1058 793 1093 853 in
1108 794 1164 877 ip.

64 899 133 937 sum
150 889 334 935 contextum
351 873 528 950 orationis,
560 869 711 932 adnotata
729 886 834 933 tamen
848 879 944 937 altera
957 897 1085 960 quoque
1101 883 1165 940 lec·

63 963 172 1036 tione,
198 960 356 1019 retulerit.
401 958 566 1019 Caeterum
583 955 823 1037 hincapparet,
847 979 912 1042 qno
926 981 966 1020 ex
980 962 1071 1023 fonte
1084 961 1164 1023 ban·

64 1048 142 1107 serit
157 1046 228 1118 ille,
253 1043 309 1123 qui
327 1043 410 1102 circa
427 1041 581 1103 decimum
601 1039 698 1123 hujus
713 1041 816 1103 seculi
829 1063 947 1105 annum
964 1043 1048 1105 idern
1064 1067 1164 1110 reme·

64 1131 153 1189 dium
168 1124 381 1188 stabiliendae
395 1128 480 1187 inter
494 1125 751 1187 Christianorum
767 1141 868 1188 sectss
883 1128 1075 1192 concordiae
1090 1152 1164 1213 pro·

63 1214 192 1295 posuit,
216 1211 407 1293 castigatus,
429 1226 466 1271 ut
481 1209 631 1284 decebat,
656 1231 674 1268 a
690 1209 739 1271 Jo.
759 1208 847 1274 Conr.
865 1211 1051 1275 Sobrnmmio
1064 1214 1164 1276 insn-

64 1300 169 1381 gurali
183 1295 330 1357 oratione
349 1295 388 1358 de
408 1295 555 1358 remediis
571 1293 761 1377 quibusdam
784 1310 859 1358 ante
876 1296 1044 1359 doctrinae
1065 1317 1162 1362 tense

63 1381 328 1442 conciliationem
361 1381 402 1441 ad
431 1379 636 1441 concordiam
667 1379 917 1442 ecclesiasticam
953 1383 1160 1457 necessariis,

60 1464 254 1527 Helmstadii
269 1463 357 1526 dicto
374 1487 459 1527 anno
473 1464 594 1525 habits.
611 1465 716 1526 (ἔσσα.
745 1465 855 1526 Locus
871 1465 925 1535 hic
940 1467 1080 1550 graviter
1099 1489 1162 1530 ve-

62 1566 157 1610 xatus
178 1550 306 1635 gravius
331 1551 426 1610 etiam
447 1549 579 1610 vexavit
598 1549 748 1613 Criticos.
792 1550 832 1609 In
856 1550 938 1615 Edd.
962 1566 1038 1616 vett.
1062 1557 1160 1636 vulgo

62 1637 107 1694 ita
124 1635 237 1697 habet:
264 1637 305 1698 Εἰ
319 1632 483 1720 difficiles,
506 1632 683 1698 καλάλλστι
712 1636 801 1710 (καὶ
830 1640 965 1699 alterum
992 1637 1158 1719 interponi

59 1721 180 1800 velim)
203 1717 482 1805 ἀπραγμονέστερον
502 1715 702 1799 ύποθήσομαλ
723 1739 787 1796 σοι,
818 1715 860 1794 nic
885 1717 925 1803 μὴ
949 1725 1043 1803 icosio
1063 1746 1159 1786 κατα·

61 1803 149 1880 θύεις
165 1801 345 1890 (καταθύῃς
356 1805 393 1868 Β.
404 1813 435 1871 2.
449 1814 478 1874 3.
488 1819 528 1865 et
540 1805 612 1880 M.)
627 1804 728 1879 cnoel,
751 1805 800 1866 sul
813 1803 947 1893 θυσιάζῃ
960 1812 1003 1888 τῷ
1016 1804 1030 1887 i
1037 1807 1089 1874 καὶ
1099 1808 1159 1872 dti-

60 1894 129 1964 σίας
145 1895 239 1971 ζῃτσῑν
256 1895 349 1956 2954.
366 1889 482 1974 3011.)
496 1884 570 1970 μηδ’
586 1890 666 1966 ἱερέα
685 1886 752 1951 τινά
766 1895 826 1952 τῶν
842 1895 1074 1996 μεῃαλομίσθωυ
1094 1917 1158 1958 πσ-

61 1983 203 2055 ρακαλεῖν
225 1973 424 2060 (παρακαλῇς
439 1977 488 2035 Μ.
511 1975 547 2036 Ρ.
570 1979 664 2041 2954.
683 1975 798 2053 3011.)
815 1969 868 2037 άλλ
901 1989 962 2035 eto.
1006 1976 1157 2062 Quorum

62 2072 269 2139 conspectum
286 2058 313 2116 si
332 2061 404 2139 quis
423 2058 486 2119 sibi
503 2073 623 2140 attente
645 2073 825 2140 proponat,
855 2076 1066 2144 accurateque
1086 2082 1159 2143 per-

60 2143 199 2223 pendat,
222 2143 358 2224 primum
374 2158 461 2225 patet
483 2143 612 2203 idoneis
632 2143 828 2203 testimoniis
852 2144 1055 2223 comprobari
1072 2146 1157 2209 Gon·
1216 2158 1219 2165 ’

60 2228 224 2310 junctivos
238 2226 277 2286 ad
293 2223 333 2300 ὥς
344 2228 384 2308 μὴ
398 2233 531 2303 relatos,
554 2225 725 2316 καταθύῃς,
747 2225 897 2317 θυσιάζῃς
911 2227 998 2314 (non
1011 2226 1156 2319 θυσιάζῃ,

60 2334 153 2394 quam
169 2312 275 2372 Medii
290 2313 422 2372 formam
436 2313 540 2372 activa
554 2314 587 2372 vi
600 2312 783 2374 sumendam
801 2329 886 2376 tecte
901 2313 1030 2375 damnat
1043 2316 1071 2375 J.
1085 2315 1158 2377 Sea·

58 2401 164 2479 ger-us)
177 2412 208 2457 et
222 2406 406 2484 παρακαλῇς.
450 2398 582 2458 Deinde
597 2397 736 2458 maxime
758 2396 795 2457 fit
813 2397 996 2478 probabile,
1025 2407 1070 2486 κρῖ
1089 2421 1158 2461 esse

59 2486 93 2540 in
111 2508 152 2565 τῳ
170 2482 377 2558 mutandum,
408 2480 673 2566 quemadmodum
696 2482 854 2545 Jacobsius
875 2498 906 2545 et
929 2483 1073 2566 Seogrrns
1092 2489 1157 2567 jam

59 2572 276 2648 conjecerunt.
321 2568 429 2649 Atque
442 2568 505 2643 sic,
529 2567 591 2626 nisi
615 2567 728 2643 fallor,
751 2566 989 2649 simplicissima
1010 2571 1158 2645 ratione,
1188 2616 1193 2632 ι

58 2667 90 2712 et
109 2671 189 2731 quae
204 2651 351 2729 proxime
366 2651 404 2709 ad
420 2656 566 2734 vulgatas
581 2651 735 2711 lectiones
750 2650 903 2729 accedat,
928 2651 1095 2715 refinxisse
1108 2658 1157 2717 lo-

59 2757 128 2794 cum
145 2733 290 2795 videbor.
335 2735 416 2794 Nam
432 2735 664 2820 Μαιτίἱίἰθερῑ,
686 2755 745 2816 pro
757 2741 816 2818 τῷ,
840 2735 992 2797 audacius
1008 2752 1056 2798 est
1071 2759 1156 2799 com.
1255 2802 1262 2812 ,

57 2833 219 2893 mentum,
242 2818 343 2879 Belini
360 2833 465 2879 autern
480 2823 684 2899 conjectura,
706 2820 756 2882 stoi
770 2823 802 2884 ἐν
815 2824 912 2884 θυσία
924 2824 1036 2901 ζητῶν,
1058 2843 1157 2904 pror·-

58 2927 111 2964 sus
129 2903 227 2962 nihili
241 2902 448 2964 aestimanda.
490 2904 592 2963 Porro
609 2901 728 2963 Gesneri
741 2885 939 2982 emendatio,
967 2903 1002 2970 ad
1016 2901 1093 2990 μηδ’
1115 2911 1156 2972 ῖς.

58 2991 111 3069 ρέα
133 3024 177 3035 --
196 2995 396 3068 παρακαλεῖν,
421 2985 516 3048 babet
530 2986 676 3068 quidem,
699 3008 763 3067 quo
787 2988 1043 3064 commendetur,
1075 2990 1155 3052 citra

57 3091 163 3135 tamen
189 3072 427 3153 probabilitatis
453 3072 533 3132 fines
557 3071 649 3134 sitam
673 3071 820 3149 arbitror.
864 3075 1040 3156 Denique,
1072 3096 1154 3158 qnos

57 3161 201 3241 Seagerus
222 3162 306 3231 vult,
344 3157 507 3218 infinitivi
535 3154 720 3234 καταθύειν,
748 3155 925 3236 θυσιάζειν,
954 3168 1154 3243 παρακαλεῖν,

57 3247 117 3304 etsi
139 3244 270 3326 linguae
293 3242 418 3326 legibus
437 3247 529 3302 nullo
552 3241 648 3303 modo
669 3259 867 3326 repugnent,
898 3246 1022 3306 externi
1046 3260 1153 3307 tamen

54 3330 153 3409 pretii
181 3329 286 3388 minus
316 3328 489 3388 manifesto
509 3327 648 3406 habent,
689 3346 783 3411 quam
805 3329 908 3390 nostri
929 3328 1153 3412 Conjnnctiri.

50 3417 170 3476 Lannr.
803 3444 805 3451 ·

136 3498 212 3560 End.
229 3501 250 3557 l.
269 3503 298 3564 4.
325 3491 379 3573 Ἐς
393 3493 525 3581 κάλπιν)
551 3496 668 3558 Mirari
688 3497 793 3577 subit,
819 3520 890 3559 cnm
913 3496 1001 3558 huno
1021 3498 1154 3561 Lacinni

54 3591 160 3666 jocum
175 3588 263 3666 lego,
287 3581 430 3642 virorum
446 3582 665 3663 quorundam,
689 3604 771 3667 quos
793 3582 1000 3667 gravissimos
1016 3603 1086 3644 esse
1098 3582 1151 3645 de-

54 3671 143 3728 cebat
163 3715 171 3744 ,
194 3685 355 3748 stuporem
374 3666 611 3744 incredibilem,
635 3667 690 3751 qui
705 3667 798 3728 nobis
812 3667 960 3728 fabellam
974 3668 1151 3748 Imperato-

52 3751 471 3834 risMogolici‚religionem
486 3751 593 3811 eadem
609 3753 735 3811 ratione
750 3752 863 3812 simiae
876 3751 1063 3813 divinatrici
1076 3752 1150 3813 sub·

52 3839 211 3917 jicientis,
241 3852 273 3898 et
297 3836 513 3917 Christianam
537 3857 642 3896 veram
667 3837 755 3896 illam
777 3857 862 3914 esse,
887 3858 999 3919 quam,
1023 3837 1149 3899 serione

52 3945 91 3981 an
111 3926 185 4001 joco
203 3921 289 3980 baud
308 3921 404 3982 facile
427 3921 567 3995 dixeris,
591 3921 783 4002 quaerebat,
806 3920 895 3982 mira'
909 3943 984 3983 sane
1003 3921 1147 3998 ratione,

51 4005 330 4087 deprehendentis.
373 4007 464 4067 Inter
486 4005 623 4067 Ludicro
642 4009 695 4087 pio
714 4005 800 4068 serio
822 4021 977 4066 narratam
1000 4006 1148 4067 invenies

50 4091 88 4151 ab
103 4089 254 4173 Angelino
270 4091 390 4153 Gozaeo
406 4092 546 4169 Iesnita,
570 4111 601 4173 p.
618 4096 670 4160 94.
687 4088 746 4175 qui
757 4113 793 4154 se
805 4111 875 4153 earn
890 4113 930 4153 ex
942 4092 1045 4156 literis
1059 4088 1149 4152 ludi·
