2634 4680
156 300 234 374 wi
429 304 1000 364 annonsnsonns

158 466 228 529 Ltv.
240 464 287 530 II.
302 484 330 525 ο.
345 470 398 541 23,
413 468 464 529 11.
484 456 643 521 Postnlnre
662 492 705 509 -
726 475 761 521 nt
774 476 906 527 senatum
917 472 1078 537 notarent,
1102 458 1273 543 enriassiqrse

158 554 219 635 ipsi
234 551 462 613 circumsistunt.
505 544 556 603 Ae
580 565 622 606 ne
635 542 746 608 eredas
755 542 910 630 postulare
923 542 970 605 ibi
985 564 1047 627 pro
1061 546 1274 627 postularunt

160 635 323 719 positum,
346 630 414 694 vid.
424 644 494 694 nat.
509 626 622 691 Dnlseri
629 674 639 704 ,
661 630 720 713 qni
739 650 781 691 ex
795 626 910 693 eodem
928 627 1037 691 adfert
1056 626 1166 693 meliri
1183 664 1230 679 -
1248 644 1286 689 es·

159 733 342 805 pertentant,
366 717 496 801 alisque
510 713 638 780 similis.
660 716 786 779 Rem.

247 804 325 884 1³⁶3·
339 807 413 872 819.
427 807 451 864 1.
466 807 496 868 4.
523 798 677 883 Μεγάλα)
698 802 877 887 Pygmaeos
893 798 1007 865 Ctesiae
1021 796 1080 862 bia
1095 796 1196 865 ridet.
1219 798 1276 863 Vi·

164 888 205 951 de
217 886 319 950 Pbotii
332 889 507 969 Excerptn.
532 882 677 949 Sanan*
954 957 959 966 1

248 971 327 1039 End.
338 977 361 1037 1.
375 978 404 1043 6.
430 974 617 1053 Ποὸεοόνας)
638 970 733 1055 Leop.
750 976 821 1041 136.
845 968 976 1035 sotis.
1020 964 1177 1051 Atsupsn
1191 966 1274 1029 Gon-

163 1062 273 1139 templ.
284 1056 320 1202 ¹5.
335 1066 365 1127 8.
387 1052 444 1139 τὴν
455 1049 574 1136 ὀθόνην
589 1065 721 1134 attilas,
750 1052 773 1137 ἢ
791 1057 935 1123 ἐνδοῦναι
955 1045 1059 1139 ὀλίγον
1077 1060 1139 1121 tati
1158 1050 1270 1135 uadit,

164 1141 222 1202 nbi
239 1141 283 1204 Sa
297 1165 347 1203 an.
362 1140 481 1203 similia
498 1161 540 1201 ex
553 1140 665 1204 Nostro
680 1138 846 1223 produxit.
866 1140 991 1200 Rnrrz.

251 1226 331 1291 End.
348 1231 370 1290 l.
385 1234 417 1296 6.
430 1222 536 1291 ”Atta
554 1226 587 1289 δὲ
611 1223 684 1306 μετὰ
704 1222 845 1306 τούτους,
873 1224 924 1291 snt
943 1226 1065 1329 pelisi'n
1082 1216 1273 1307 νοούμενον,

167 1306 320 1389 ζεύξαντες
331 1306 388 1377 δύο
403 1316 565 1392 δελφῖνας,
587 1306 725 1389 ἤλαυνόν
745 1336 794 1392 τε,
814 1310 867 1377 καὶ
883 1306 1062 1393 ἧντοχεοον·
1095 1310 1130 1374 nl
1139 1307 1175 1373 dl
1189 1320 1274 1391 προΐ-

167 1392 252 1472 darec
264 1392 449 1481 ἐπεσύροντο
463 1394 536 1470 τούς
552 1394 703 1473 φελλούς)
724 1396 882 1461 Vertunts
902 1409 972 1478 past
983 1392 1039 1455 Ιιοε
1053 1408 1082 1454 et
1094 1390 1153 1455 alit
1164 1392 1273 1455 suberi·

168 1481 223 1543 bus
244 1480 418 1561 insidentes,
443 1482 558 1563 junctis
580 1479 695 1541 dnobus
716 1477 863 1563 delphinis
880 1476 1086 1561 remigabant,
1108 1492 1137 1539 et
1152 1479 1274 1563 equita-

170 1566 257 1644 bant,
280 1566 338 1627 alti
345 1564 550 1651 praecedentes
563 1564 669 1626 tubera
684 1564 849 1628 trabebant.
891 1558 944 1625 lt'a
961 1574 1124 1625 vertentes
1144 1560 1275 1623 indict·

170 1666 265 1727 runt,
298 1670 333 1711 se
358 1664 495 1713 mentem
519 1649 660 1710 suetonis
684 1670 751 1710 non
775 1650 851 1712 satis
876 1646 1067 1731 percepisse.
1111 1646 1219 1719 Nsns,
1240 1658 1276 1705 nt

170 1748 308 1812 taceam,
332 1732 406 1818 μετὰ
419 1732 552 1810 τούτους
567 1733 622 1793 hic
637 1735 749 1816 potins
764 1732 948 1819 significare
963 1747 1090 1831 praeter
1108 1728 1193 1807 bas,
1216 1727 1277 1793 ob·

171 1820 363 1882 servandum
377 1836 444 1897 est,
466 1820 637 1881 helenum
654 1818 694 1881 de
718 1817 870 1880 tuberibus
883 1822 976 1899 loqur
992 1830 1148 1901 tanquam
1169 1814 1210 1880 de
1224 1835 1279 1878 vs-

172 1902 312 1984 bieulis3
336 1904 375 1968 de
389 1905 536 1989 delphinis
550 1919 703 1985 tanquam
719 1902 759 1964 de
771 1902 863 1989 equis
884 1900 1032 1965 vehicula
1052 1899 1276 1973 trahentibus,

172 1986 212 2049 de
228 1989 396 2052 bominibus
410 1991 493 2067 illis,
519 1988 577 2071 qui
592 1987 760 2050 suberibus
777 1985 980 2066 insidebant,
1002 1999 1157 2069 tnnqnnns
1169 1984 1211 2049 de
1225 2006 1278 2045 su·

172 2072 252 2157 rigis
269 2075 418 2137 vehicula
435 2072 645 2158 agitantibus,
667 2086 699 2132 et
712 2070 970 2147 moderantibus3
991 2072 1179 2155 aurigarum
1193 2068 1276 2133 enim

173 2159 304 2240 propris
326 2174 404 2221 sunt
425 2156 541 2236 verbs,
577 2156 695 2243 quibus
716 2156 840 2239 utitur,
878 2154 1016 2223 ἐλαύνειν
1036 2152 1276 2241 αοῆνεοχεύενν·

173 2264 255 2325 quae
278 2259 448 2327 propterea
469 2241 525 2303 hie
540 2263 607 2304 non
622 2240 783 2305 reddenda
798 2256 906 2323 erant,
927 2244 1071 2327 rnnrfgare
1089 2254 1125 2303 et
1201 2242 1276 2303 'arn

174 2328 217 2385 Et
233 2349 290 2409 per
308 2332 340 2395 oi
354 2328 387 2395 δὲ
402 2324 564 2413 προϊόντες
577 2348 644 2386 non
662 2326 870 2412 intelligendi
888 2342 965 2389 snnt
983 2328 1116 2389 homines
1166 2326 1207 2401 ii,
1228 2320 1277 2387 nti

175 2408 273 2472 habet
292 2413 416 2495 versi03
445 2409 501 2474 sed
526 2411 576 2472 illi
599 2409 748 2495 delphini,
782 2414 839 2495 qni
859 2410 1029 2474 tuberibus
1062 2408 1156 2471 nnetl
1177 2422 1275 2473 stant.

174 2498 278 2556 Totus
299 2498 410 2581 itaque
429 2501 521 2559 loeus
541 2494 607 2559 hoe
626 2495 723 2557 modo
742 2509 793 2559 sst
813 2495 1005 2559 vertendnst
1127 2520 1160 2557 er
1177 2494 1232 2557 Ιιοε
1249 2506 1276 2555 et

175 2579 232 2641 alii
242 2582 394 2645 suber-ibus
406 2580 579 2659 insidentes,
597 2584 712 2665 junctis
730 2581 844 2645 dnobus
862 2580 1025 2665 delphinis,
1054 2578 1231 2663 agitabant,
1252 2592 1278 2637 et

175 2664 405 2729 moderabantur
416 2691 483 2732 eos:
504 2666 632 2730 illinere
648 2666 741 2745 (scil.
758 2664 928 2753 delphini)
939 2680 1112 2751 praeeuntes
1124 2663 1280 2727 trabebant

174 2750 290 2815 rubera.
312 2753 478 2814 Vsusne.
1084 2768 1088 2775 '

259 2836 336 2899 End.
350 2842 372 2898 l.
387 2845 419 2904 7.
446 2837 589 2910 Φελλοῖν)
610 2833 644 2897 Si
660 2834 733 2919 quis
749 2834 957 2897 auctoritates
971 2834 1069 2915 sup'sr
1078 2830 1115 2897 h.
1128 2853 1161 2899 v.
1173 2845 1209 2895 et
1220 2852 1280 2893 nsa

178 2916 356 3002 desiderat,
379 2920 471 2984 adeat
484 2919 615 3025 Berpler.
633 2919 670 2980 nd
685 2919 824 3004 Alciplsr.
842 2922 904 3002 Ep.
921 2920 949 2995 Ι,
962 2928 992 2987 1.
1009 2938 1043 3001 p.
1060 2922 1091 2985 7.
1111 2918 1240 2983 Rnrnn.

260 3006 340 3067 End.
355 3012 378 3070 l.
400 3015 450 3076 18.
469 3002 598 3071 Ἑλλαδα
614 3004 746 3087 φωνὴν)
769 3006 831 3065 Pro
842 2998 1032 3087 Ἑλληνικήν.
1075 3002 1133 3067 stc
1151 2997 1282 3085 Σκύθην

178 3086 267 3173 οἶμον
284 3112 343 3173 pro
360 3090 522 3173 innatatis
537 3086 612 3157 ὅδὸν
629 3112 669 3151 ex
684 3091 795 3153 Aescls.
810 3091 915 3153 Prom.
932 3110 964 3171 p.
978 3092 1011 3159 6.
1024 3100 1059 3150 et
1071 3096 1207 3175 γυναῖκα
1220 3113 1282 3171 ρα-

179 3174 230 3249 {lv
252 3197 294 3235 ex
315 3174 463 3242 Hom.Il.
482 3181 534 3252 Ω,
550 3182 604 3245 68.
633 3196 693 3235 nec
716 3197 782 3237 non
804 3170 931 3240 Ἑλλάδα
950 3171 1123 3249 διάλεκτον,
1153 3172 1282 3257 alisque

179 3259 318 3337 similis,
342 3283 381 3323 ex
396 3261 531 3323 Eustatln.
549 3260 654 3323 adfert
665 3261 824 3323 Maittaire
838 3258 877 3319 de
892 3258 1038 3327 Disleet.
1051 3279 1085 3342 p.
1101 3264 1156 3327 78.
1185 3256 1283 3319 Plura

178 3344 260 3407 Jens.
286 3343 320 3404 in
344 3346 452 3408 Lectt.
474 3346 615 3410 Lucinn.
638 3367 710 3429 pag.
728 3350 780 3414 89.
800 3344 839 3405 nd
853 3350 907 3413 94.
925 3364 1007 3427 quse
1021 3337 1282 3427 pertinebantsd

182 3429 271 3489 Disl.
289 3432 390 3492 Deor.
407 3430 480 3509 XV,
498 3438 527 3497 1.
547 3428 586 3491 ad
603 3431 698 3491 verbs
714 3432 821 3513 τέχνην
833 3428 1009 3513 βύναυσονς
1029 3424 1078 3487 ibi
1092 3442 1201 3489 autem
1214 3444 1280 3486 non

179 3526 258 3571 sunt
278 3515 416 3596 inserts,
447 3515 524 3598 quin
544 3515 642 3575 nimis
664 3531 756 3576 erant
774 3518 884 3579 mults.
927 3515 1077 3576 Meretur
1092 3524 1202 3573 tamen
1217 3508 1282 3569 bne

181 3594 274 3673 sddi,
299 3598 386 3681 quod
405 3614 517 3682 postes
531 3599 671 3684 margini
686 3598 809 3662 adlevit
824 3597 907 3661 idem
922 3598 1056 3660 densius:
1070 3596 1213 3677 Ἕλληνα
1223 3590 1284 3659 κύ·

122 3715 129 3723 ·
177 3688 268 3762 λεμον
279 3682 376 3743 habet
392 3683 524 3771 lltneyd.
538 3707 569 3767 p.
585 3690 657 3752 104.
674 3685 709 3745 in
732 3684 890 3747 Oratione
903 3682 1038 3785 Periplis
1052 3680 1100 3759 (i.
1114 3700 1144 3745 e.
1161 3678 1220 3741 lib.
1234 3676 1280 3741 11.

179 3786 205 3831 ο.
222 3772 296 3840 86.)
317 3769 442 3835 Rnsrz.
488 3770 787 3831 cf.Dia11.Mortt.
806 3770 887 3846 ΧΠ,
905 3776 936 3837 2.
953 3788 983 3833 e.
1000 3786 1028 3833 a.
1049 3767 1169 3827 hunt.

264 3852 376 3919 Eud-l·
396 3864 447 3922 16.
478 3854 683 3939 Καβαλοῦσα)
714 3858 764 3915 An
786 3858 989 3937 Κοβαλούσα,
1011 3849 1087 3917 ud
1162 3874 1195 3931 ς,
1216 3846 1282 3909 be.

179 3935 384 4017 κοβαλύεοοα;
406 3940 541 4002 Gurnr.
587 3940 753 4002 Hactenus
767 3940 924 4002 Lneinnns
936 3934 1069 3999 nomina
1106 3932 1282 3999 nxerntin·

180 4026 311 4083 tellecta
326 4024 403 4083 satis
419 4024 540 4085 facilis.
581 4024 680 4086 Nune
697 4039 803 4087 sutem
818 4022 1000 4087 Gabalnsnnt
1019 4034 1053 4083 et
1068 4016 1283 4107 Hydnnsardi-

179 4128 246 4184 nm,
275 4120 455 4169 monstrosa
471 4125 503 4170 et
522 4108 651 4172 barbara
669 4108 843 4189 voeabula,
867 4130 925 4171 eur
939 4101 1112 4179 obtrudat,
1136 4102 1282 4169 nandans
