2634 4680
149 221 224 291 ωδ
412 178 981 283 snuorbrsouss

152 388 185 448 lo
201 382 296 442 aliter
308 398 342 439 se
359 376 493 447 habeat.
517 399 587 438 cnm
612 382 692 440 alter
705 376 760 439 ille
776 378 932 440 articulus
948 375 1037 439 alind
1054 394 1180 438 nornen
1195 370 1257 436 hs·
1291 444 1297 455 1

46 472 50 487 ’
152 468 228 531 beat
247 468 411 546 junctum,
441 460 621 545 cujusmodi
641 462 865 543 repetitionem
891 463 988 523 nimis
1013 482 1080 523 esse
1102 460 1259 543 frequen·

156 570 219 613 sem
237 570 273 608 ac
290 545 397 627 pueris
420 561 528 609 notam
553 546 639 608 dicet
652 551 773 623 lector,
797 547 902 630 qualia
921 563 971 609 est
990 547 1047 607 illa
1064 543 1099 603 in
1118 546 1152 606 S.
1174 542 1262 605 Ora·

158 636 249 696 tione
261 632 362 699 Dom.
377 628 429 696 τὸν
444 628 536 711 ἄρτον
549 627 636 713 ἡμῶν
656 630 708 695 τὸν
724 631 895 709 ἐπιούσιον,
917 636 970 693 vel
982 630 1062 693 haec
1075 628 1263 713 Hippoern*

158 723 198 779 tis
213 718 244 776 S.
262 716 288 779 I.
307 714 416 801 aphor.
430 724 478 784 16.
494 719 542 780 uui
557 725 654 783 τοῖσιν
668 715 815 796 ἄλλοισιν,
837 726 933 782 τοῖσιν
947 714 1044 789 οὕτως
1059 714 1266 791 albaspinaeus
1301 794 1304 799 Ι

160 796 368 879 διαιτᾶσθαι.)
391 798 479 882 Quid
499 801 599 883 igitur
611 801 699 861 dicas
715 801 753 863 de
768 806 841 863 loeo
856 802 921 879 isto
931 800 1038 863 Galeni
1051 798 1091 859 ad
1102 799 1266 879 Hippocr.
1292 817 1294 822 ‘

162 900 220 956 art,
240 906 332 966 quem
348 884 468 946 Fo'a'sius
488 885 621 955 adducit
643 906 684 946 ex
705 906 762 945 sua
782 885 890 948 Galeri
909 886 987 947 edit.
1003 906 1033 967 p.
1048 891 1124 953 624·
1145 890 1206 951 34.
1219 882 1268 947 sni

164 975 196 1038 oi
207 967 293 1037 τόνοι
313 964 374 1033 dud
394 977 454 1033 τῶν
469 968 705 1053 ἐπικαιροτάτων
718 976 780 1034 τοῖν
801 974 834 1036 ἐν
848 978 890 1055 τῷ
909 965 1037 1051 σώματι,
1061 988 1148 1027 anne
1164 966 1220 1026 ibi
1232 986 1269 1027 οἱ

163 1055 311 1139 proxime
326 1074 506 1138 praegressa
518 1054 640 1132 syllaba
657 1058 736 1116 male
752 1056 922 1136 repetitum
939 1052 1072 1116 credas?
1096 1054 1175 1134 Ego
1192 1070 1270 1113 non.

167 1137 236 1205 Sed·
249 1134 332 1197 addo
356 1160 479 1201 rursum
498 1138 663 1203 Herodian.
680 1140 720 1204 L.
733 1147 769 1215 2,
784 1148 814 1216 2,
840 1148 889 1208 16.
910 1135 927 1205 o‘
943 1144 1040 1219 δῆμος
1056 1132 1073 1201 d
1091 1131 1267 1215 ‘Populus

166 1225 329 1305 Ejusdem,
348 1236 380 1283 et
393 1223 475 1285 alius
490 1224 616 1305 generis
630 1228 831 1304 pleonasmos
846 1223 977 1284 articuli
992 1238 1024 1283 et
1037 1220 1268 1307 pronominum

167 1306 234 1381 ¹vid.
253 1306 288 1369 in
312 1321 396 1369 nott.
417 1307 523 1385 lensii,
546 1306 666 1384 Solent,
690 1322 722 1377 et
744 1307 1012 1369 Hcmsterhusiiad
1035 1306 1127 1367 Dial.
1145 1304 1268 1365 Mario·

167 1392 232 1457 III.
258 1391 311 1471 (p.
327 1389 424 1469 hujus
438 1390 515 1457 edit.
532 1398 605 1459 417·
622 1392 757 1471 sq.Vol.
773 1390 839 1477 II.)
869 1395 992 1457 Ratun.
1036 1388 1270 1452 Diversissims

169 1476 242 1551 hic,
266 1489 299 1533 et
315 1496 331 1535 e
348 1473 573 1537 diversissimis
593 1475 803 1558 scriptoribus
827 1479 942 1558 petita,
969 1479 1114 1555 exempla
1131 1490 1272 1555 conges-

171 1560 214 1624 sit
228 1560 377 1635 Reitzius,
403 1580 537 1641 quorum
554 1564 644 1625 nullo
658 1559 710 1637 id,
734 1560 820 1647 quod
834 1561 957 1638 voluit,
981 1558 1149 1641 probatur.
1196 1558 1272 1619 Pro-

172 1643 272 1707 bandi
290 1643 353 1705 vim
370 1642 500 1711 haberet
516 1648 606 1707 locus
621 1646 728 1709 Somn.
744 1668 771 1710 c.
788 1652 836 1714 15.
856 1646 884 1707 si
898 1666 971 1707 vere
985 1644 1030 1704 ibi
1044 1648 1209 1727 legeretur
1220 1644 1274 1721 τοῖς

173 1730 206 1795 di
224 1734 279 1809 τῆς
299 1724 512 1814 δικαιοσύνης,
536 1750 595 1790 nec
614 1731 722 1810 potius
738 1730 908 1814 legendum
929 1744 1010 1793 esset
1031 1732 1120 1809 τῆςδε
1136 1734 1193 1809 τῆς
1215 1728 1272 1789 dts·

174 1833 269 1901 quam
293 1813 465 1877 lectionem
489 1813 626 1894 praeivit
650 1828 785 1894 utraque
808 1814 936 1881 Aldina.
983 1814 1085 1894 Saepe
1107 1812 1217 1871 autem
1240 1808 1274 1867 in

173 1898 271 1977 hujus
280 1896 575 1981 generiascriptura
591 1921 608 1962 a
623 1897 762 1958 librariis
776 1920 843 1961 esse
857 1914 1022 1979 peccatum
1037 1896 1155 1979 passim
1172 1892 1273 1955 avt.

175 1984 258 2053 DD.
277 1981 477 2047 observatum
499 1997 562 2054 est,
586 1998 624 2047 ut
645 2004 662 2045 a
684 1983 814 2047 Dorvill.
835 1982 875 2048 ad
904 1982 1013 2047 Glsarit.
1033 2002 1062 2063 p.
1080 1988 1153 2057 224.
1178 1976 1274 2058 [sipl-

182 2065 308 2131 Wetslio
323 2065 361 2129 de
377 2068 586 2132 Pleonasmm.
604 2075 694 2147 p.39‚
710 2068 764 2153 qui
781 2083 904 2150 praeter
914 2065 1040 2133 somnii
1054 2070 1160 2125 locam
1176 2060 1276 2137 etiam

177 2151 276 2217 elium
291 2172 330 2215 ex
346 2150 486 2234 ejusdem
499 2151 632 2216 Luciuna'
648 2152 721 2217 Ver.
739 2153 824 2213 Hist.
842 2153 874 2228 Ι,
891 2161 921 2220 2.
940 2156 1033 2217 τῶνδε
1046 2157 1105 2214 τοῖν
1121 2144 1277 2232 συγγραμ-

178 2232 279 2322 μάτων
295 2249 381 2299 recte
397 2257 414 2294 a
429 2237 511 2298 falso
528 2235 640 2301 Reitzii
649 2236 773 2317 judicio
789 2235 944 2298 defendit.
973 2236 1043 2297 Nee
1059 2232 1187 2292 faciunt
1202 2230 1278 2311 bno,

178 2335 216 2385 ut
231 2332 316 2383 reeta
328 2318 511 2395 Domillius,
534 2324 557 2383 l.
574 2324 594 2388 l,
610 2336 738 2399 monet,
764 2342 846 2403 quae
865 2319 904 2381 ad
926 2318 1029 2383 Diall.
1045 2316 1145 2380 Matr.
1158 2314 1226 2379 111.
1241 2312 1279 2397 ds

180 2406 342 2491 geminato
360 2404 497 2470 articulo
515 2403 648 2484 probare
657 2404 728 2468 Viri
742 2406 844 2467 Docti
861 2406 969 2468 conati
986 2400 1067 2465 sunt.
1110 2399 1184 2460 Imo
1203 2418 1281 2481 vern

180 2486 346 2552 considera
362 2489 457 2552 modo
473 2486 551 2549 haec
573 2486 837 2554 duol'ocaDiall.
852 2490 1002 2564 Marr.1‚
1024 2492 1053 2553 1.
1075 2480 1137 2562 dre
1158 2478 1283 2569 ὀφθεὶς

178 2572 235 2661 pda
250 2572 420 2657 ἐπιπρέπει,
443 2587 475 2637 et
490 2572 580 2651 XIV,
597 2581 629 2641 8·
643 2571 722 2655 τό,τε
733 2583 794 2645 τοῖν
813 2572 973 2659 Τριτώνων
982 2572 1079 2654 γένος,
1095 2590 1179 2659 quae
1189 2556 1284 2631 si'i'ts

180 2656 318 2737 scripta:
342 2654 403 2731 δ’,τε
427 2654 443 2722 d
459 2651 624 2740 ὀφθαλμός
636 2675 668 2721 et
681 2656 759 2739 τ6,ιι
773 2669 835 2725 τῶν
853 2657 1010 2743 Τριτώνων
1020 2651 1055 2719 sd
1069 2655 1159 2736 γένος
1171 2650 1285 2729 subti-

180 2742 221 2807 lis
241 2743 325 2806 nuris
348 2743 432 2808 ferre
456 2759 585 2825 posset,
609 2758 676 2810 tum
700 2766 776 2807 vero
799 2746 893 2807 etiam
913 2744 946 2808 h.
960 2746 981 2802 l.
1006 2734 1214 2803 tolerandum
1228 2736 1287 2801 'fa-

180 2840 264 2889 terer
279 2846 346 2889 esse
360 2824 438 2903 adra
451 2831 557 2897 τοίνυν
573 2826 606 2893 τό
619 2837 750 2915 πλῆθος.
795 2830 910 2911 Neque
925 2843 1026 2891 tamen
1040 2823 1070 2889 J·
1087 2821 1221 2903 Senge'ro
1236 2838 1286 2881 ⁸⁸·

182 2910 321 2987 sentior,
346 2911 523 2993 corrigenti
544 2910 634 2983 τοῦτό
654 2941 685 2985 τε
704 2919 810 2983 τοίνυν
830 2913 864 2979 τὸ
884 2919 1018 2995 πλῆθος,
1034 2927 1140 2995 quum
1166 2902 1288 2969 codas

180 2994 232 3085 Μ..
257 3010 289 3058 et
310 2995 396 3064 Edd.
421 2996 459 3061 B.
476 3005 506 3068 2.
523 3007 554 3066 3.
575 2998 837 3087 praestantiorem
858 2998 941 3061 viam
964 2990 1156 3070 ostendant,
1179 2992 1288 3059 sltem

182 3078 320 3147 articulo
335 3080 463 3146 omisso.
494 3083 564 3151 Hos
580 3104 641 3167 ego
655 3083 767 3165 ducas,
782 3102 864 3161 quos
875 3080 971 3142 etiam
987 3077 1118 3141 Solonas
1130 3073 1289 3157 probasse

182 3161 328 3247 videtur,
346 3185 412 3227 non
430 3164 615 3249 dubitabam
630 3166 733 3247 aequi.
777 3165 856 3233 Nou
870 3160 1012 3224 diffiteor
1031 3176 1153 3235 tamen,
1178 3157 1212 3219 si·
1225 3176 1288 3239 pro

181 3246 277 3331 adra,
301 3246 390 3332 quod
417 3251 484 3320 fere
504 3251 627 3317 editum
649 3249 808 3329 reperitur
828 3243 861 3315 τό
882 3272 929 3329 τε,
951 3267 1084 3329 usquam
1104 3242 1289 3327 scripturas

182 3328 272 3403 adds
295 3333 466 3417 vestigium
489 3333 785 3415 deprehendissem,
807 3331 889 3393 hano
903 3354 969 3413 me,
992 3345 1120 3395 servato
1142 3325 1288 3391 articulo

183 3420 348 3505 sequenti,
373 3418 521 3485 omnibus
538 3417 609 3483 aliia
626 3420 839 3503 praelatarum
857 3415 965 3485 fuisse.
999 3416 1117 3485 Lanam
1283 3460 1286 3465 .

196 3568 200 3577 ,
271 3503 346 3590 Pag.
360 3511 411 3573 39.
428 3506 450 3569 l.
468 3511 498 3571 1·
517 3497 671 3573 Ἀτολύσο
682 3508 739 3583 τῆς
751 3495 903 3588 ἀπορίας)
923 3500 1022 3567 Utin
1036 3498 1131 3583 Nigr.
1145 3508 1179 3557 es
1194 3494 1290 3563 Has-

186 3590 248 3653 cul.
262 3586 345 3651 Gall.
362 3601 393 3653 et
410 3584 539 3665 passim.
573 3586 708 3655 Bonan.
1257 3618 1287 3661 ,-·

269 3670 349 3739 End.
362 3674 384 3737 l.
398 3678 430 3743 8.
446 3664 499 3735 Ἢ
506 3672 565 3751 τίνι
578 3676 637 3747 τῶν
652 3664 831 3755 ἡγεμόνιον)
850 3668 946 3737 Bmd.
961 3665 1104 3731 miscell.
1118 3661 1180 3727 IX.
1195 3681 1226 3727 ο.
1237 3668 1290 3731 16.

188 3752 222 3819 iu
238 3777 297 3819 aun
312 3754 485 3839 asemplari
500 3758 609 3843 legens
631 3758 682 3827 stoi
696 3760 725 3823 τί
739 3762 800 3825 τοῖν
814 3750 992 3838 ἡγεμόνοιν,
1013 3748 1145 3813 restitui
1157 3746 1301 3819 volebat.

188 3840 264 3917 τίοι,
287 3858 353 3899 uon
372 3838 552 3905 immerito:
576 3839 634 3905 aad
654 3862 725 3905 eum
739 3844 803 3923 jam
818 3842 878 3907 atvs
893 3835 1057 3899 inveniam
1076 3834 1111 3894 in
1130 3830 1217 3895 ΕΜ·
1231 3830 1292 3893 ni·

188 3924 336 4006 bilffnpus
350 3936 399 3984 est
415 3927 599 4005 conjectura
615 3928 686 3999 τίσι.
707 3926 830 3991 Rure.
864 3922 978 4005 Neque
989 3917 1149 3985 Codicum
1161 3914 1290 3995 Parias,

191 4004 248 4097 qui
271 4006 331 4076 tiss
352 4004 524 4091 exhibent,
546 4012 723 4079 auctoritas
738 4022 862 4079 santum
879 4016 972 4095 apud
985 4026 1053 4087 nse,
1075 4003 1140 4069 hoo
1159 3996 1316 4086 quidsm‘
