2634 4680
304 312 909 366 innunnorrnusr.
1082 301 1159 374 449

145 465 222 528 Eud.
234 452 256 531 l.
269 472 302 534 7.
328 462 389 528 Καὶ
404 457 445 544 μὴ
460 449 493 524 eri
506 460 637 537 εἰδέναι)
660 460 721 523 Καὶ
734 457 795 541 pris?
809 451 846 527 ed
858 462 975 527 eidivnt.
998 464 1158 530 Misco.

61 556 123 620 Kal
147 551 207 634 μὴν
228 545 263 616 eri
278 551 387 616 εἰδέναι
407 542 463 629 χρὴ
480 548 566 621 etc.)
588 545 808 605 Hermotimus
826 545 966 631 deniquo
980 550 1037 610 rix
1056 555 1160 634 quid..

61 662 156 722 quam
176 636 313 720 amplios
336 632 443 693 dicere
456 629 593 709 habens,
616 630 876 713 quoLuoianum
894 636 976 694 male
999 632 1038 693 de
1054 656 1158 720 expe-

60 721 186 785 riundis
207 720 303 782 sectis
326 715 474 779 omnibus
497 712 703 775 disserentem
722 729 891 798 coarguet,
916 718 1086 796 'pueriliter
1101 724 1159 798 ait,

61 829 133 869 eum
148 805 181 866 id
197 827 272 887 prae
289 801 415 863 invidia
429 801 549 876 facere,
573 796 753 876 ridentem,
778 813 916 879 quantos
930 805 992 881 jam
1011 801 1045 861 in
1064 803 1160 866 disci.

59 893 160 975 plinis
180 887 420 972 philosophicis
440 903 628 966 progressus
652 882 766 944 fecerit
784 884 1029 946 Hermotimus·
1056 891 1104 951 At
1116 907 1157 969 tu,

59 975 248 1056 respondet,
280 972 326 1034 nil
350 992 466 1031 morare
489 992 553 1044 me,
584 983 727 1051 tunquam
759 969 966 1044 insanientem,
995 985 1085 1056 tuque
1103 976 1160 1036 iter

59 1079 141 1122 tuum
157 1063 283 1141 confice,
308 1073 351 1132 et,
375 1051 456 1139 quod
468 1052 615 1128 videatur,
639 1055 732 1134 agito.
758 1045 1003 1140 t0’Add’0tittigig,
1027 1057 1161 1140 subjicit

59 1146 298 1218 Hermotimus,
323 1138 360 1205 cd
377 1143 479 1223 βίαιος
497 1133 708 1219 dvnipeictlul
726 1162 769 1213 cs,
792 1133 833 1219 ἢν
848 1133 889 1220 μὴ
905 1147 1047 1222 πειραθῶ
1061 1138 1161 1209 uincir-

59 1256 139 1306 των,
162 1230 209 1289 At
232 1244 278 1304 tu,
301 1225 443 1301 violente,
467 1246 527 1284 non
544 1225 618 1284 sinis
639 1245 685 1281 rne
705 1221 857 1307 quidpiam
870 1221 991 1306 eligere,
1013 1227 1074 1287 nisi
1093 1251 1161 1291 cum

56 1341 110 1399 per
126 1316 226 1375 omnio
246 1315 358 1372 iverim.
403 1307 586 1369 Lucienus:
611 1308 672 1371 Kal
689 1306 751 1388 priv
771 1299 807 1372 ed
820 1309 928 1373 εἰδέναι
942 1305 1017 1392 χρὴ,
1039 1306 1081 1385 ὦς
1103 1310 1161 1378 odie

60 1398 99 1464 dv
113 1424 185 1463 ποτε
201 1395 272 1461 iillo
289 1399 413 1476 εἴποιμι.
460 1390 619 1474 culpatur
634 1390 825 1468 Benedictus,
851 1391 938 1473 quod
953 1392 1032 1455 haec
1046 1396 1161 1457 ultimi

59 1506 127 1546 non
151 1483 232 1544 bene
252 1480 404 1556 verterit,
428 1479 527 1561 Atqui
547 1499 594 1535 me
607 1499 758 1560 nunquam
780 1477 867 1539 aliud
887 1475 1051 1556 dicturum,
1069 1481 1180 1563 prode¹

61 1574 141 1631 scias
164 1582 286 1649 oportet.
330 1563 455 1646 Quidni
476 1564 556 1623 bene
579 1560 756 1622 Benedictus
778 1564 929 1642 verterit,
957 1584 1025 1624 non
1049 1563 1159 1627 video.

60 1656 120 1713 Ait
139 1651 376 1722 Hermotimus,
399 1649 446 1710 At
466 1664 513 1722 tu,
538 1647 590 1729 qui
612 1645 756 1706 violentus
775 1671 820 1720 es,
844 1671 904 1709 non
918 1649 993 1708 sinis
1006 1649 1161 1732 quidpiam

62 1742 205 1820 arripere,
233 1738 293 1796 nisi
316 1734 368 1795 ubi
386 1735 487 1795 omnio
498 1731 710 1814 perquisierim,
754 1730 943 1812 Respondet
961 1733 1033 1794 itte:
1061 1726 1163 1820 Atqui

59 1825 151 1906 prode
163 1826 243 1884 scias
257 1835 385 1903 oportet,
407 1842 454 1878 me
469 1839 621 1898 nunquam
641 1813 727 1874 uliud
740 1813 903 1892 dicturum,
927 1837 977 1877 me
994 1838 1160 1901 nunquam

62 1909 156 1967 aliam
173 1905 212 1966 de
236 1904 345 1964 haere
361 1899 550 1963 sententiam
570 1903 717 1959 laturum.
761 1901 892 1983 Belgice
911 1901 1011 1984 magis
1036 1921 1162 1965 conve.

61 1993 190 2051 nienter
208 1989 335 2049 Graeca·
350 1987 430 2047 haec
445 1983 551 2046 efferri
574 1982 717 2067 possint,
740 1982 773 2044 la
787 2008 830 2069 gy
849 2001 925 2046 rnoet
936 2002 1040 2064 weten,
1064 1987 1117 2048 dat
1130 1987 1162 2050 tt

61 2080 125 2136 noit
145 2072 252 2134 onders
270 2096 324 2133 sou
343 2095 455 2153 seggen.
499 2068 553 2129 Sic
571 2089 599 2127 c.
614 2073 665 2136 75.
695 2060 759 2133 Οὔκ
772 2063 812 2132 div
831 2066 948 2145 ἑκόντες
967 2074 1079 2136 εἴποιεν
1098 2087 1159 2139 eto.

61 2160 131 2220 Non
146 2157 224 2219 ultro
241 2156 275 2216 id
292 2155 428 2217 dicerent.
474 2175 501 2213 ο.
518 2159 571 2221 77·
594 2147 675 2218 Otidd
692 2150 750 2238 γᾶρ
774 2151 921 2221 driutius
935 2151 1161 2239 ὄρθῶςεῖπσίς,

61 2245 163 2326 Neque
186 2245 261 2302 enim
286 2240 320 2302 id
340 2255 416 2301 recte
436 2238 537 2314 dicos,
563 2237 686 2314 diceres,
711 2237 834 2300 dixeris.
878 2239 941 2300 Sed
962 2242 1070 2302 statim
1093 2262 1162 2303 nort

62 2326 329 2389 beneBenediotus
340 2326 419 2386 hseo
432 2323 582 2384 tractavit
599 2320 678 2400 (ἔστ’
696 2318 735 2389 dr
752 2322 792 2404 μή
806 2321 905 2408 ἕτερός
920 2346 969 2391 σοι
984 2323 1075 2409 λόγος
1087 2348 1162 2410 nvp.

61 2412 211 2494 μαχήσας,
236 2405 385 2490 ἀφέληται
404 2416 460 2489 τῆς
473 2413 558 2492 βίας,
579 2404 638 2490 ἤδη
655 2400 823 2493 ἀγόμενον)
841 2426 985 2485 vertens,
1010 2412 1079 2473 Nisi
1090 2411 1161 2474 dum

62 2496 156 2557 altero
167 2521 222 2579 pro
236 2513 264 2556 te
267 2495 392 2582 faciens
407 2499 519 2569 oratio,
543 2492 624 2576 quod
633 2497 699 2576 jorn
714 2490 832 2556 illatum
849 2510 905 2573 est,
928 2496 1049 2582 auferat
1064 2520 1083 2556 a
1097 2500 1161 2558 vio·
1188 2506 1191 2514 ⁴

62 2581 171 2660 lentia3
194 2602 264 2641 cum
289 2576 452 2648 debuerit,
474 2580 577 2638 Donec
599 2577 683 2638 nullo
706 2578 770 2638 alio
791 2584 886 2641 oratio
908 2581 963 2641 tibi
978 2605 1161 2662 succurrens,

64 2690 105 2726 ex
120 2669 150 2725 vi
166 2683 209 2740 te,
234 2665 286 2748 qui
298 2667 363 2744 jum
384 2667 509 2744 raperis,
536 2661 678 2736 duceris,
701 2666 821 2744 eripiat,
844 2663 999 2728 vindicet.
1022 2665 1116 2729 ans.

145 2749 228 2808 Jbid.
250 2744 310 2821 Ὦς
325 2742 382 2811 οὐκ
402 2747 441 2809 c'r'v
455 2771 527 2810 ποτε
542 2745 612 2808 tillo
628 2748 759 2826 εἴποιμι)
786 2744 971 2828 Odsopoeus,
994 2765 1027 2811 ut
1042 2749 1163 2833 nequid

63 2836 179 2894 interim
195 2833 295 2893 dicam
314 2830 410 2894 aliud.
454 2829 647 2907 Benedictus,
671 2855 717 2890 rne
733 2854 883 2914 nunquam
898 2831 984 2893 aliud
1003 2831 1161 2894 dicturum.

63 2922 185 2995 Immo,
210 2931 246 2976 ut
261 2929 346 2977 recte
362 2916 490 2976 notavit
503 2928 609 2997 pater,
631 2929 710 2976 utne
723 2914 908 3000 puiddioom
923 2941 943 2978 a
956 2920 1070 2980 ratione
1085 2918 1166 2980 ulie-r

64 3027 143 3065 num.
172 3005 282 3063 Gnon.

148 3087 227 3149 Ead.
250 3090 273 3148 l.
293 3093 324 3155 8.
351 3079 504 3149 Ἀναίτιον
524 3118 567 3134 -
588 3085 765 3162 αἰτιᾶσθαι)
786 3082 909 3150 Homer.
926 3087 965 3155 ΙΙ.
979 3087 1024 3153 N.
1053 3078 1165 3154 Bnooi

64 3173 188 3234 Homer·
206 3174 245 3232 Il.
261 3179 290 3234 Δ
298 3220 307 3246 ,
328 3173 401 3238 658.
424 3169 552 3232 Sosin.
1109 3204 1112 3211 ·
1157 3190 1161 3199 ’

149 3257 229 3319 ibid.
255 3264 366 3330 Δοκεῖς
386 3280 439 3336 μοι
459 3291 503 3304 -
524 3247 618 3320 odedu
639 3291 682 3304 ·-·
703 3249 872 3341 ἇγόμενον)
893 3256 943 3318 An
959 3259 1007 3320 sic
1020 3259 1168 3322 scriben-¹

64 3341 139 3402 dum
159 3358 190 3406 et
205 3339 492 3426 distinguendum?
516 3344 613 3417 δοκεῖς
628 3369 659 3423 μ.
671 3367 701 3410 κ.
716 3367 743 3409 τ.
757 3367 788 3406 n·
806 3346 979 3422 αἰτιᾶσθαι,
1002 3341 1094 3420 odric
1107 3338 1166 3418 tte'

65 3425 105 3492 du
119 3425 160 3510 μὴ
176 3430 278 3508 ἕτερος
295 3448 321 3490 c.
337 3433 362 3488 i·
375 3446 403 3489 o·
419 3451 447 3489 α.
463 3451 487 3489 s.
506 3431 589 3510 βίας,
613 3426 674 3508 ἤδη
689 3423 844 3511 ἀγόμενος.
890 3427 972 3489 Nam
989 3429 1168 3491 violentius

65 3529 150 3574 certe
165 3512 293 3573 crimini
312 3511 397 3593 ipsc,
422 3510 526 3572 dones
545 3515 641 3574 altera
656 3512 857 3575 auxiliatrix.
871 3513 975 3574 oratio
993 3527 1024 3577 te
1037 3513 1167 3594 liberet,

65 3596 228 3658 obnoxius
246 3597 319 3657 eris.
345 3596 478 3659 Gor-nr.
1099 3604 1103 3611 '
1158 3604 1162 3617 '

151 3682 229 3743 Eud.
247 3687 268 3742 l.
285 3688 315 3748 9.
339 3675 459 3753 Arieo'v)
484 3679 670 3743 Salebrosus
690 3679 745 3742 hic
768 3685 875 3756 locus;
897 3703 976 3759 nec,
1000 3680 1080 3766 quid
1103 3680 1167 3747 tie-3

65 3786 208 3842 cernam,
233 3766 266 3824 in
284 3779 414 3847 promtu
438 3778 495 3824 est.
542 3767 610 3826 Aut
626 3765 832 3841 dormitabat,
855 3788 926 3827 cum
949 3767 1027 3829 hsec
1041 3767 1166 3830 scrihe-

66 3864 116 3910 ret
131 3852 301 3925 Lucienus,
326 3865 382 3909 aut
399 3849 591 3928 oscitabant,
615 3850 672 3933 qui
689 3849 936 3931 descripserunt,
959 3852 1095 3916 librarii.
1117 3848 1166 3915 Ut

65 3935 152 3996 enim
168 3933 263 3994 verbs
278 3956 363 3995 nunc
379 3939 545 4020 leguntur,
568 3955 609 3995 ex
624 3936 684 3995 illo
706 3928 801 4000 edelr
817 3957 928 4011 nemo,
953 3937 1064 4017 credo,
1086 3958 1165 4002 seu·-

65 4040 137 4078 sum
162 4018 272 4078 eliciet
294 4018 505 4084 commodum.
549 4018 654 4080 Aliter
678 4035 785 4082 autem
809 4042 827 4081 a
847 4020 987 4085 Lucieno
1010 4022 1164 4107 scriptum

10 4162 12 4169 ,
64 4104 184 4181 fuisse,
208 4117 275 4162 tum
291 4122 332 4162 ex
356 4103 553 4168 absurditate
574 4102 744 4169 verborum
761 4121 902 4186 constat,
926 4121 995 4171 tum
1010 4107 1106 4173 etiam·
1119 4100 1164 4170 ὀἱ

10 4186 12 4195 ’
100 4206 211 4255 ructat.
233 4201 294 4256 rat.
316 4205 366 4256 rr.
903 4193 960 4253 Ff
