2634 4680
302 294 907 354 rn-nnnnorrnvnrr.
1083 262 1229 380 tte,

63 452 103 514 11.
120 456 166 527 A,
189 456 241 519 37.
259 447 294 526 ὃς
306 446 433 532 Χρύσην
448 442 678 534 ἀμφιβέβηκας,
688 470 691 475 ·
701 451 754 533 qm·
770 446 897 535 Chrysen
911 451 1040 538 ιιιιιῖἰοαε
1050 463 1158 538 tueris,

64 537 87 596 i.
112 558 139 597 e.
164 536 269 596 tuitus
291 555 341 612 es,
370 549 403 597 et
425 533 530 596 adhuc
551 534 671 610 tueris,
703 554 791 596 more
814 536 1016 598 aoristorum.
1049 542 1157 606 ,Addo

62 620 103 681 11.
121 627 248 697 A‚107.
268 621 445 703 δεδεγμένος
466 617 651 700 excipiens,
676 615 689 696 (
698 619 778 679 licet
797 616 844 678 ibi
864 621 1026 701 passivum
1052 629 1160 691 active'

63 703 307 786 exponendum,
332 704 439 786 qualia
455 706 556 762 multa
571 701 660 764 dedit
673 702 753 764 Jens.
770 702 878 766 Lectt.
892 706 1032 768 Lucian.
1047 729 1078 790 p,
1094 718 1160 779 246

61 824 105 838 -
126 792 180 867 7.)
204 789 302 850 Conf.
318 788 410 849 Iliad.
427 797 456 852 Δ
462 834 471 863 ,
488 794 559 855 434.
573 791 678 866 μυρίαι
689 783 862 867 ἑστήκασιν,
883 792 1052 853 innumerae
1064 810 1155 857 stant.
1264 820 1268 831 ¹

60 876 104 932 Et
120 873 172 933 adi
192 874 324 933 omnino
342 889 451 933 notem
473 873 505 932 S.
525 870 657 934 Clorckii
667 871 705 932 ad
720 872 759 932 Il.
773 879 816 948 A,
833 877 884 941 84.
899 875 955 956 qni
968 875 1049 938 illud
1070 891 1160 940 tem..

60 979 122 1040 pus
135 979 282 1039 praesens
297 958 504 1038 praeteritum
518 957 643 1039 egregie
656 957 798 1016 illustrat
811 978 851 1017 ex
865 959 951 1040 Virg.
965 959 1047 1025 Aen.
1063 970 1093 1039 2,
1108 973 1158 1032 123

131 1105 136 1113 ,
228 1043 416 1125 Quamquam
438 1044 554 1102 animus
567 1043 730 1102 meminisse
748 1041 860 1117 horret,
872 1102 874 1107 ,
884 1041 1022 1127 luctuque
1035 1047 1155 1132 effugit.

59 1126 105 1187 Et
118 1148 158 1188 ex
172 1126 260 1188 Onici.
277 1128 359 1189 Met.
373 1126 413 1198 V.
425 1133 498 1193 677.
511 1124 551 1186 de
562 1125 725 1186 Pieridum
738 1125 772 1183 in
786 1126 875 1207 picas
889 1129 1157 1210 metamorphosi:

224 1210 315 1271 Nunc
328 1235 442 1294 quoque
453 1213 484 1271 in
496 1208 619 1270 alitibus
623 1209 782 1294 fecundia
791 1213 894 1292 prisca
909 1216 1058 1275 remansit.

61 1296 128 1356 Ubi
148 1310 277 1368 monet,
307 1316 464 1378 nuperum
493 1294 700 1376 interpretem
723 1292 841 1355 frustra
863 1310 935 1371 tunc
959 1299 1059 1375 velle,
1095 1322 1157 1383 pro

60 1406 159 1456 nunc,
181 1381 264 1464 legi,
288 1378 380 1461 qnia,
403 1380 432 1440 si
448 1377 601 1440 retineres
618 1402 711 1456 nunc,
735 1377 906 1439 dicendum
923 1394 1004 1441 esset
1019 1401 1157 1461 rnncnet,

60 1486 129 1525 non
152 1468 289 1525 remansit
307 1477 367 1525 etc.
397 1485 479 1547 quae
502 1466 589 1523 lectu
610 1461 707 1544 digna
732 1460 771 1524 de
790 1461 979 1543 hujusmodi
1005 1469 1158 1549 temporis
1248 1458 1251 1473 ¹

59 1563 219 1652 potestate
233 1547 317 1632 apud
332 1547 501 1611 Glnrckium
512 1545 596 1610 vide.
618 1548 742 1608 Rnrnz.
786 1547 960 1625 Dubitavi,
983 1570 1060 1611 num
1072 1553 1160 1638 ἄγρη.

59 1633 324 1718 yopmgprobum
348 1632 403 1695 sed
419 1632 516 1693 habet
529 1632 671 1712 Alciphr.
688 1631 752 1693 ΙΙΙ.
768 1633 830 1713 Ep.
846 1639 898 1703 38.
914 1655 947 1714 p.
962 1638 1033 1703 256,
1062 1636 1158 1698 Imm
1258 1680 1261 1685 .

60 1723 93 1778 in
106 1718 192 1782 Arici.
208 1735 235 1778 et
253 1717 365 1800 Corrig.
408 1717 448 1778 In
463 1716 650 1797 Alcipltrenc
670 1715 827 1797 Berglcrus
842 1716 971 1796 quidem
993 1720 1160 1807 ἐγρηγορὸς

61 1804 211 1863 maluisse
224 1801 370 1874 videtum
394 1801 450 1863 sed
468 1801 645 1881 chnenes,
667 1797 707 1858 ad
722 1799 811 1860 hunc
822 1801 955 1861 Lucioni
966 1805 1071 1865 locum
1083 1827 1159 1888 pro·

61 1908 199 1960 vocans,
220 1887 300 1946 Mas.
314 1887 491 1961 librorum,
513 1883 683 1944 lectionem
704 1883 857 1946 servavit.
900 1886 1016 1967 Neque
1039 1886 1075 1949 id
1099 1890 1181 1954 in-

60 1971 162 2051 juria:
186 1991 258 2030 nam
277 1984 325 2030 est
338 1968 403 2030 hoc
419 1965 616 2028 Adverbinm
637 1965 801 2049 Adjectivi
816 1965 996 2055 ἐγρήγοοος,
1027 1970 1068 2036 de
1090 1993 1158 2058 quo

61 2052 226 2115 adeundus
240 2051 370 2115 Loheck.
387 2051 426 2113 ad
441 2051 599 2135 Phrynich.
617 2073 650 2133 p.
670 2058 739 2119 119.
754 2072 802 2135 sq.
824 2053 945 2120 Lennt.
980 2128 983 2133 Ι

146 2155 253 2219 Enii.
263 2163 293 2223 8.
308 2152 581 2239 Παραπολόμενον)
601 2151 733 2237 Castigo
745 2151 1025 2237 παραπολεῦμενον.
1042 2161 1158 2226 naam·

60 2242 142 2303 Mea.
157 2241 257 2323 Regg·
275 2245 369 2308 2954.
383 2253 416 2299 et
428 2246 523 2307 8011.
539 2236 830 2321 παραπολούμονον,
857 2239 1017 2319 probante
1037 2245 1155 2307 Belino.

59 2327 134 2388 Bar.
179 2324 370 2386 Lectionem
386 2324 615 2424 Plarisienscm‚
638 2322 740 2384 Belini
749 2322 908 2423 judicium
926 2342 1055 2389 secutus
1070 2350 1158 2392 reca-

60 2410 112 2492 pit
128 2408 351 2489 Seimieciems3
372 2407 596 2479 festinantius,
624 2407 758 2468 utmihr
778 2408 908 2489 quidem
925 2410 1065 2475 videtur.
1108 2413 1158 2475 Ut

61 2495 145 2557 enim
159 2492 433 2575 παρακαλούμενοι
446 2493 480 2553 in
494 2513 549 2565 eo,
575 2513 668 2574 quem
684 2472 888 2554 Schmiecitrus
903 2496 1050 2572 confert,
1079 2501 1156 2559 loco

61 2579 145 2638 infra
163 2600 190 2639 c.
207 2587 259 2645 21.
276 2578 356 2638 benc
371 2599 441 2636 cum
454 2576 551 2638 verbo
563 2573 703 2657 περιόψει
718 2577 876 2656 concinit,
906 2593 944 2639 ut
959 2578 1039 2642 adeo
1055 2602 1158 2665 qnas-

61 2684 190 2744 cunque
210 2662 273 2722 alia
295 2661 394 2722 lectio
417 2660 494 2721 huic
512 2660 734 2740 posthabenda
756 2660 814 2739 sit,
842 2662 886 2720 ita
901 2662 972 2724 h.l.
995 2680 1064 2726 tum
1084 2663 1158 2748 ipsa

61 2747 241 2807 sententiae
266 2759 397 2824 natura,
432 2760 500 2805 tum
520 2746 617 2805 etiam
640 2745 871 2805 concinnitatis
892 2750 962 2826 lex,
997 2770 1079 2829 quae
1102 2770 1159 2813 se-

61 2851 163 2913 quens
178 2825 429 2911 φιλοσοφήσαντα
441 2828 557 2908 respici
570 2827 676 2908 jubet,
704 2828 878 2890 manifesto
900 2831 1036 2914 requirit
1056 2834 1159 2895 Acri-

60 2930 161 2989 stum,
184 2914 334 2997 repudiat
353 2915 519 2976 Futurum.
564 2911 707 2973 Omnino
732 2928 839 2973 entem
865 2916 1070 2980 memorabile
1090 2931 1155 2996 est,

60 2999 95 3058 in
111 3014 249 3081 utroque
263 3002 337 3059 loco
353 2995 486 3059 candem
502 3016 571 3058 case
584 2995 736 3058 lectionis
752 2997 954 3077 varietatem,
969 3000 1023 3062 ‘ita
1038 3016 1157 3080 tamen,

59 3096 98 3142 ut
114 3082 146 3145 h.
163 3089 183 3145 l.
196 3082 462 3164 παραπολόμενον,
485 3081 543 3142 illo
562 3102 638 3143 vero
654 3079 950 3166 παραπολαύμενον,
973 3088 1158 3167 plerorum-

61 3188 125 3250 que
150 3169 305 3233 librorum
332 3168 376 3228 sit
396 3169 505 3229 lectio.
553 3164 649 3227 Unde
673 3167 796 3228 moneri
821 3183 943 3250 potest,
972 3172 1158 3258 quicunqne

58 3251 195 3313 monitis
211 3268 315 3333 patet,
339 3274 380 3314 ne
396 3251 527 3313 incante
542 3272 560 3311 a
575 3250 717 3335 vulgatis
730 3252 868 3316 recedat.
890 3255 1011 3318 Lern.

143 3337 220 3399 End.
234 3342 258 3400 l.
276 3345 325 3404 10.
352 3331 635 3421 Θανμᾶοιαῆλίκα)
666 3335 740 3398 vid.
766 3359 861 3421 supra
884 3340 993 3399 Somn.
1014 3362 1042 3403 c.
1056 3342 1088 3409 5.
1103 3342 1158 3403 vel

57 3429 86 3489 6.
103 3434 135 3482 et
151 3437 233 3483 nott.
250 3423 290 3482 ad
306 3443 333 3484 o.
348 3430 401 3490 76.
415 3423 512 3504 hujus
527 3421 672 3485 Hermot.
695 3419 822 3483 Sonant.

141 3506 220 3569 Εαᾶ.
232 3511 252 3570 l.
269 3514 319 3574 14.
341 3504 457 3591 Σχεδὸν
472 3509 585 3573 etnam
598 3504 671 3592 im)
700 3504 823 3569 Confer
837 3506 923 3568 infra
943 3507 1040 3594 hujus
1062 3508 1156 3576 Diei.

57 3613 84 3651 c.
99 3597 152 3660 59.
167 3593 191 3651 f.
215 3593 345 3656 Sorte.
543 3642 546 3647 .

138 3676 218 3739 leid.
254 3673 354 3742 Οὐδὲν
377 3671 477 3762 iiiios)
506 3673 697 3760 Lugendum
720 3671 803 3744 ἄλλο.
831 3679 941 3744 Bnon.
987 3678 1051 3744 sed
1070 3675 1155 3749 111οᾷ

55 3755 127 3825 c'iiio
139 3766 201 3842 jam
217 3761 330 3823 inveni
350 3762 385 3822 in
403 3760 565 3842 plerisque
583 3760 655 3823 edd.
677 3763 802 3847 hm·

141 3846 296 3927 Pog.6.l.
314 3854 344 3913 1.
363 3841 614 3925 Ὑπομνήματα)
644 3844 745 3908 Cicero
764 3846 851 3909 filius
874 3847 991 3909 Tironi
1007 3847 1069 3908 sub
1093 3853 1153 3927 16,

54 3935 106 3995 21.
127 3943 206 3988 extr.
228 3930 300 3992 Peto
316 3955 336 3991 c
350 3948 393 4006 te,
415 3946 447 3991 ut
469 3930 559 4013 quatis
582 3929 729 3991 celerrime
746 3933 822 3992 miti
838 3932 979 3997 libianae
997 3936 1151 4010 mittatur,

54 4016 189 4074 maxime
202 4014 318 4095 quidem
342 4015 491 4078 Graecus:
520 4014 739 4076 mulsummihi
759 4021 836 4079 enim
857 4019 978 4102 eripitur
995 4041 1101 4103 operas
1120 4019 1154 4078 in

52 4097 255 4161 exscribendis
266 4100 508 4186 hypomnematis.
529 4099 632 4167 Getis.
