2634 4680
282 234 290 259 ¹
313 281 351 326 m·
380 277 503 323 νιιιιιιι
532 278 730 325 ιιιιιοοιιιι
758 281 825 329 rra.
854 283 893 327 ιι.
1078 261 1161 344 681
1216 276 1218 283 ’

139 423 215 487 Eod.
233 430 254 486 l.
275 433 323 492 10.
356 420 589 503 Mcoovv'ccrov)
613 422 686 481 Vid-
712 423 796 485 banc
822 446 931 501 rocem
956 442 1071 491 contra,
1093 432 1152 492 aa.

53 513 143 595 Meg.
159 509 330 586 adsertam,
354 509 439 568 inira
454 506 514 569 hac
532 507 602 590 ipaa
618 508 691 570 Ver.
707 508 795 572 Hiar.
809 532 837 574 c.
852 516 905 578 40.
927 512 1050 576 Ram.
1073 526 1078 533 ·

136 594 213 677 Pog.
228 601 303 663 298.
315 598 337 654 l.
359 602 388 659 1.
411 589 498 658 Πολι)
516 587 711 678 ἀνέχουσαν)
730 591 871 660 Flacca}
887 595 982 674 occid,
1005 601 1097 675 malo,
1119 612 1159 663 ee
1179 652 1182 658 .

56 680 151 742 aliter
165 682 286 760 loterp.
314 681 457 741 Βοοιιιι.»
1132 732 1134 739 ,

140 762 217 828 an.
226 768 248 824 1.
256 769 288 831 6.
311 761 403 843 Παρὰ
415 768 561 835 τοιοῦτον
575 751 673 843 ἦλθον
681 758 853 846 διαδράναι)
875 765 1160 847 Ιιιιοιρι.Τοιιιιιιιι

53 853 119 919 vioe
130 852 237 912 emensi
249 864 342 923 erant,
359 863 391 907 ut
405 845 596 910 elaborem.
617 844 830 908 Reddendum
845 868 905 932 ago
921 863 1052 930 putem:
1076 854 1161 917 Τοιιι

51 959 158 1018 parum
171 932 289 1011 oberei,
311 935 383 1015 puin
396 930 638 1018 elapcifur'aaent.
660 932 711 992 Ita
725 931 810 993 infra
823 941 856 1000 2.
873 933 948 995 Ver.
964 935 1052 997 Hiat.
1067 944 1162 1006 ⁰43.

54 1013 133 1103 παρ’
156 1014 260 1101 ὀλίγον
282 1020 415 1085 ἐλθοῦσα
434 1023 667 1097 rovecestriam·
698 1015 754 1076 ubi
779 1033 865 1079 recte
878 1016 1012 1099 interpr.
1035 1020 1160 1102 Quom-

56 1128 146 1187 ραοιιι
157 1126 263 1187 porum
276 1102 393 1176 aberat,
417 1104 488 1185 puin
501 1099 683 1163 delaberetur
696 1103 728 1161 in
736 1124 884 1186 praecepa.
906 1100 953 1162 Ut
966 1104 1045 1164 etin
1058 1106 1159 1167 Pseu.

58 1188 201 1249 domant.
218 1208 246 1252 ο.
263 1193 313 1255 57.
335 1184 418 1265 παρὰ
437 1191 584 1260 τοςοῦτον
604 1181 703 1252 ἐλθών
717 1179 907 1262 ἀποθανεῖν,
927 1203 1084 1272 postquam
1097 1214 1158 1271 po·
1231 1183 1234 1187 ⁴
1248 1250 1252 1257 ,

59 1299 124 1333 rum
140 1271 300 1358 adficient,
324 1275 396 1354 quin
412 1274 573 1354 periissem.
594 1271 759 1332 anmc.
802 1270 900 1353 Quod
921 1271 1000 1334 Hor.
1022 1272 1156 1357 Vitringr'.

59 1373 92 1418 et
110 1357 208 1417 hicet
230 1378 324 1438 cupra
341 1377 410 1437 cap.
425 1363 478 1424 20.
494 1355 529 1414 in
544 1355 694 1421 versione
714 1355 937 1440 corrigendum
953 1357 1099 1434 monuit,
1122 1357 1160 1421 id

61 1440 220 1517 Gamerae,
243 1442 338 1504 etiam
355 1461 422 1502 non
437 1441 506 1502 vira
521 1439 610 1500 illiue
624 1437 918 1518 animadversione,
940 1455 1055 1520 cponte
1068 1463 1173 1520 prae.

62 1526 165 1599 acirim
191 1546 288 1607 quare
305 1527 362 1587 illa
382 1525 537 1608 Vitringoe
553 1525 701 1586 omittere
716 1526 911 1606 potuissem:
935 1539 968 1585 at
982 1546 1073 1603 eum,
1096 1527 1161 1588 etei
1231 1544 1235 1551 ’

61 1610 194 1671 levioris
214 1631 263 1671 rec
283 1622 332 1672 cat
354 1609 524 1677 momenti,
554 1631 611 1671 rna
632 1608 727 1671 lande
747 1609 888 1670 fraudari
912 1611 961 1671 faa
985 1632 1051 1671 non
1073 1624 1160 1689 arat3

61 1716 134 1753 nam
152 1709 183 1757 et
203 1694 280 1756 alibi
305 1697 339 1754 in
357 1695 408 1754 his
424 1692 529 1754 verbio
545 1692 708 1756 vertendis
725 1708 891 1775 peccatum
915 1694 954 1754 ab
969 1694 1043 1755 aliia
1061 1694 1160 1759 inter.
1178 1748 1180 1753 .

60 1778 215 1859 pretibus.
263 1778 373 1861 Obsop.
389 1794 493 1838 tamen
511 1776 545 1837 id
567 1779 602 1837 in
616 1779 756 1839 Lucieno
782 1798 848 1841 non
865 1782 964 1840 aemel
982 1793 1068 1843 recte
1089 1778 1162 1841 red·
1243 1831 1248 1837 .

62 1860 197 1923 diderat.
240 1865 284 1924 Et
298 1863 345 1923 aie
358 1863 438 1924 beno
454 1861 602 1944 derogem.
620 1862 782 1922 convertit
796 1863 894 1944 Long.
911 1865 995 1928 Paat.
1013 1871 1044 1930 2.
1058 1885 1090 1944 p.
1105 1872 1160 1933 62.

62 1943 145 2025 παρὰ
161 1955 308 2021 τοςοιῖτον
321 1937 397 2028 ἦλθε
417 1952 529 2020 κακοῦ,
549 1971 656 2029 porum
674 1946 774 2033 adsuit
788 1951 859 2032 quin
875 1962 936 2008 ete.
980 1946 1074 2009 Adde
1087 1949 1163 2013 No·-

63 2048 155 2090 crrom
171 2032 294 2112 Catapl.
310 2053 337 2093 c.
352 2039 382 2098 4.
401 2033 425 2092 f.
447 2030 529 2109 παρὰ
547 2037 691 2104 ιοςοῦτον
712 2031 792 2110 ἦνθε
810 2037 985 2114 διαφυγεῖν,
1008 2031 1161 2095 tantillum

64 2115 181 2191 ederat,
204 2120 277 2201 quin
300 2116 459 2202 qffirgisse't.
501 2115 541 2175 In
566 2115 696 2194 Tduoyd.
719 2131 824 2177 tamen
850 2117 889 2180 L.
902 2116 958 2179 VI.
975 2138 1000 2179 0.
1016 2124 1068 2183 87.
1089 2113 1163 2191 ὅρη

64 2196 148 2279 παρὰ
163 2210 308 2276 τοιοῦτον
322 2196 496 2285 γιγνώσκοι,
518 2201 671 2272 vertitur,
695 2200 883 2283 quomobrem
898 2200 937 2260 ad
952 2201 1009 2262 doc
1027 2204 1163 2283 opinione

58 2309 116 2367 ,ego
128 2285 203 2350 odeo
216 2288 375 2367 dissenti03
396 2285 482 2368 quod
496 2283 696 2348 etSoIrcIiocr.
705 2277 754 2345 sic'
767 2287 921 2366 exponit:
943 2292 1085 2358 τοιοῦτον
1098 2289 1163 2351 δια-

65 2372 198 2454 φέρομαι
211 2383 275 2446 τοῖς
288 2369 324 2435 cci
338 2373 422 2452 ἕτερα
436 2372 641 2457 διαγγέλλοοσι
654 2387 715 2431 etc.
735 2392 828 2453 quem
844 2368 928 2433 vide.
952 2371 1076 2434 Rama.

150 2458 226 2540 Pag·
241 2464 313 2524 299.
336 2460 360 2521 l.
374 2461 406 2525 5.
432 2457 537 2521 Πολλὰ
559 2457 710 2530 ῑνὲοονον)
732 2454 808 2516 Vid.
834 2455 891 2517 ΤΙι.
905 2456 993 2538 Mag.
1006 2477 1037 2517 v.
1052 2453 1168 2525 eodm·

65 2566 118 2619 μαι
130 2542 239 2602 eadem
254 2544 416 2603 citantem.
440 2542 568 2602 Sonam.

150 2626 228 2686 Eud.
243 2629 264 2684 1.
284 2634 332 2689 11.
352 2622 425 2700 Ἀφ’
444 2617 506 2704 ὧν)
530 2625 550 2688 i.
562 2647 589 2684 e.
608 2623 699 2702 eadm
722 2642 859 2705 proquo
874 2639 908 2685 et
923 2625 978 2686 hic
994 2624 1093 2700 dicae,
1111 2623 1166 2707 ἐφ’

69 2700 123 2772 οἷν.
169 2709 307 2768 Etiamsi
324 2710 401 2767 alibi
425 2704 486 2771 ἆιιὸ
502 2709 536 2766 in
553 2709 655 2767 simili
672 2707 843 2769 locutione
861 2713 971 2788 paullo
991 2711 1086 2771 aliter
1107 2732 1172 2781 οοι,

69 2799 150 2867 leat,
171 2808 269 2872 utap.
286 2792 443 2873 Aristopir.
463 2791 552 2852 Nub.
570 2798 641 2858 766.
665 2789 744 2872 (τὴν
763 2789 883 2866 ὕαλον)
904 2790 963 2871 ἐφ’
986 2784 1026 2873 ἧς·
1045 2791 1081 2857 cd
1102 2801 1166 2880 πῦρ

70 2875 214 2943 ἅπτουσι·
238 2876 326 2958 quod
340 2898 435 2958 cupra
453 2877 488 2935 in
506 2875 624 2958 Quom.
641 2898 762 2938 consor.
775 2876 851 2937 hiat.
862 2876 1016 2940 addimur.
1039 2879 1164 2944 Rerrc.

156 2963 403 3044 Pag.300.1.1.
432 2968 474 3048 Τῇ
494 2955 553 3037 ὑφ’
575 2955 682 3044 ὕμνον)
703 2963 757 3022 Sic
777 2960 1001 3039 scribendum,
1023 2984 1104 3039 non,
1129 2979 1168 3026 ut

76 3050 109 3108 in
125 3048 216 3108 libria
240 3062 303 3124 eat,
323 3043 419 3129 ἡμῶν.
465 3045 537 3109 vid.
555 3067 583 3108 c.
600 3054 652 3113 47.
672 3046 758 3110 unde
783 3051 866 3107 clare
883 3048 1005 3128 liquet,
1030 3050 1169 3129 opponi-

73 3146 136 3191 tam
151 3146 279 3193 nostrae
294 3146 412 3210 terrae,
436 3151 501 3195 non
526 3130 574 3211 ei,
598 3151 691 3215 quarn
708 3131 887 3201 incolebat,
909 3132 967 3214 qui
984 3131 1039 3193 hie
1061 3134 1171 3219 loqui.

73 3233 144 3294 tur,
172 3215 449 3278 Rhadamanthus.
478 3218 606 3278 Sonan-
659 3217 820 3300 Loquitur
847 3214 1112 3278 Rhadamanthua
1133 3219 1169 3278 in

73 3304 178 3360 insula
196 3299 378 3379 beatorum,
403 3316 435 3362 et
455 3301 601 3386 loquitur
622 3323 694 3361 eum
719 3300 848 3363 vivoet
870 3299 911 3360 ad
928 3322 1004 3361 auos
1026 3299 1168 3365 redirem

71 3387 239 3462 Lucieno,
264 3399 297 3449 et
311 3385 468 3468 praedicit
487 3408 541 3464 ea,
566 3407 648 3468 quaa
665 3386 700 3446 in
721 3386 793 3468 ipso
808 3383 872 3447 fine
888 3381 985 3465 hujus
1000 3384 1169 3449 libelli'in·

74 3471 234 3545 dicantur,
249 3492 316 3530 non
332 3486 530 3532 enarrantur.
560 3471 662 3534 Nullo
677 3471 772 3532 modo
788 3469 887 3554 igitur
899 3462 979 3532 ferri
992 3470 1047 3530 hic
1062 3486 1171 3552 potest

74 3552 173 3638 ἡμῶν.
217 3553 325 3635 Quare
345 3569 455 3616 eontra
475 3555 577 3617 libros
602 3577 712 3616 omnes
733 3569 830 3636 atque
852 3556 1057 3635 interpreter,
1087 3577 1169 3639 quoa

74 3642 198 3719 norim,
218 3638 474 3712 rescribendum,
506 3655 544 3700 nt
560 3640 790 3722 interpretatur
811 3659 900 3718 aum,
920 3635 1018 3720 ὁμοῖν.
1062 3639 1099 3702 Si
1120 3662 1170 3702 rec

76 3726 182 3787 verbio
205 3737 329 3809 egeret,
353 3739 385 3784 et
406 3726 546 3805 reliquas
570 3746 610 3785 ex
631 3725 694 3784 hoc
715 3722 826 3785 libello
847 3723 1004 3806 loquendi
1030 3726 1170 3789 rationeu

75 3812 274 3883 conferrem,
298 3825 331 3871 et
345 3810 509 3886 Scipionis
526 3810 672 3869 Africani
687 3810 814 3886 majoris
831 3830 902 3869 eum
918 3810 1172 3872 minoreacrmo·

77 3915 132 3954 nes
150 3914 372 3974 compararem.
397 3895 500 3954 Grsn.
545 3893 827 3954 Evidentisaimam
842 3915 906 3954 rom
922 3915 986 3953 non
1004 3909 1110 3955 tamen
1125 3895 1172 3952 vi·

76 3978 124 4036 dit
142 3977 272 4039 Belicam.
296 3982 356 4040 Vel
371 3979 412 4039 ob
427 3979 569 4060 proxima
586 3980 679 4038 verba
698 3982 738 4051 εἰς
753 3975 808 4058 τὴν
821 3980 922 4060 ἑτέραν
936 3974 1077 4063 ἤπειρον,
1090 3999 1173 4061 qnae

77 4063 209 4123 nonnisi
230 4062 269 4123 de
292 4066 434 4126 Luciani
454 4078 534 4125 terra
556 4064 743 4124 continente
771 4065 842 4144 oapi
863 4080 1020 4146 possunt,
1043 4082 1174 4124 necem
