2634 4680
569 132 588 179 l

288 290 899 395 ‘sunnon-orruerit.
1074 304 1152 374 383

54 462 131 524 dnm
143 457 230 545 ἡμεῖς
241 455 302 527 <iii
318 455 471 543 ouporrie
482 459 535 524 καλ
547 452 615 533 sieri
628 459 720 540 χαμαλ
732 456 893 544 ἕρπάρενοι
906 463 1010 545 iupis,
1030 467 1082 532 stoi
1095 478 1153 549 pse-2

55 546 92 613 τά
113 557 173 613 τῶν
193 553 281 612 θεῶν·
295 542 375 628 rimie
388 560 447 605 eto.
466 544 501 603 iu
521 564 587 622 quo
608 559 715 604 tameo
730 566 796 605 non
816 547 1021 609 statuendum
1039 566 1153 615 eontra

57 633 195 715 scriptos
215 631 326 693 libros.
358 631 468 690 Gnos.
510 628 606 689 Hom.
622 628 663 692 11.
684 636 821 705 E,.442.
838 645 872 692 et
885 631 1010 695 Hesiod.
1027 635 1151 718 Theog.

56 726 128 786 272.
173 716 307 797 Repetit
321 715 355 774 in
372 714 508 785 Icarum.
521 733 589 794 cap.
605 719 637 780 6.
681 712 819 776 Videtur
831 729 936 777 tamen
955 716 1097 779 Graevius
1109 723 1154 781 le·

59 804 143 886 gisae
158 803 193 861 in
206 821 265 860 suo
280 792 430 861 &de.
445 795 622 879 iuniperus,
644 798 695 857 uti
710 799 807 859 etium
822 800 992 882 legendnm
1008 806 1155 883 conjece·

58 903 109 948 rat
127 886 301 947 Gronovius.
324 885 454 946 Sonam.
498 881 642 941 Omnino
663 879 838 965 ἕρπάμενοι,
862 885 988 953 etiarnsi
1013 887 1047 947 in
1069 887 1152 951 cod.

60 971 165 1035 Groeo.
180 975 324 1051 legatur,
348 967 484 1050 indigns
498 980 564 1041 est,
587 987 668 1048 quae
690 968 897 1050 respiciatur,
920 972 1030 1032 lentio.
1073 973 1154 1033 Nou

58 1057 142 1117 enim
155 1055 300 1136 ἕρπεαθαι
317 1051 438 1113 dicitur
453 1074 557 1132 repert.
581 1051 635 1115 ted
651 1052 760 1128 ἕρπειν.
788 1052 933 1128 Accedit,
957 1054 1043 1132 quod
1060 1055 1153 1137 phru-

57 1140 101 1200 sis
117 1141 207 1221 χαμαὶ
225 1137 382 1219 ἐρχόμενοι
401 1137 574 1196 manifesto
591 1158 632 1198 ex
646 1137 774 1198 Homeri
785 1151 819 1199 et
839 1135 969 1198 Hesiodi
982 1139 1065 1200 loois
1077 1146 1156 1200 lau-

58 1224 142 1284 datis
163 1224 308 1284 desumto
330 1235 414 1284 sunt.
459 1218 567 1302 Qusre
587 1241 649 1281 neo
665 1220 696 1280 b.
713 1225 751 1292 1..
772 1243 832 1283 neo
846 1221 881 1280 in
906 1225 1006 1283 altero
1020 1223 1155 1291 Icsrom.

57 1330 85 1372 c.
98 1316 150 1384 6.,
173 1308 346 1368 electione
362 1306 486 1390 vulgari
499 1319 617 1366 temere
633 1304 846 1368 recedendum
860 1304 1008 1370 arbitror.
1038 1309 1159 1372 Lunum

144 1424 223 1486 Bou.
238 1428 259 1485 l.
275 1432 307 1493 7.
330 1426 532 1509 Περεβαλεῑν)
552 1426 608 1489 W.
623 1425 659 1487 P.
673 1439 705 1486 et
719 1426 761 1485 L.
795 1424 835 1486 Iu
850 1428 937 1509 vulg.
959 1430 1158 1509 παραβαλεῖν.

61 1513 189 1574 somn.
233 1510 306 1570 Etsi
321 1532 386 1570 non
403 1512 481 1570 satis
505 1508 670 1570 adfirmare
686 1530 816 1592 queam,
842 1531 922 1593 quae
944 1512 1076 1572 verasit
1091 1515 1158 1571 λου.-

62 1596 129 1669 tio;
164 1609 269 1655 tamen
291 1595 395 1654 tribus
420 1595 560 1676 optimae
589 1608 685 1655 notae
709 1593 887 1655 Codioibus
911 1594 1154 1677 obtemperasse,

62 1678 243 1761 increpabit
259 1700 363 1744 nemo.
400 1680 518 1740 Verum
531 1678 707 1760 Anonpnus
727 1677 855 1763 quidam
873 1680 1009 1762 margini
1025 1679 1074 1739 ed.
1087 1680 1158 1739 Hu-

58 1790 123 1848 μοι.
141 1765 176 1823 in
197 1784 375 1845 quareque
395 1786 432 1823 ue
453 1765 566 1824 ceteris
588 1762 754 1846 legebatur
769 1766 971 1846 παραβαλεῖν,
996 1764 1160 1824 obleverat

59 1854 258 1931 παραλαβεῖν,
282 1847 368 1929 quod
384 1847 496 1908 melius
512 1846 669 1927 profecto.
704 1847 756 1905 Ex
771 1869 867 1907 manu
880 1862 984 1908 autem
1001 1845 1156 1928 conjicio,

62 1936 164 1993 fuisse
184 1933 328 1993 Ioannem
346 1931 550 2012 Bellogrinm,
575 1929 632 2012 qui
652 1951 767 1992 nomeu
788 1931 892 1991 fronti
908 1931 1005 2016 hujus
1016 1931 1092 1992 libri
1108 1932 1159 1989 in·

62 2018 242 2096 scripserat.
265 2016 389 2082 Rnrrz.
432 2020 627 2098 Παραβαλεῖν
643 2014 846 2076 retinendum
869 2030 950 2097 puto
975 2030 1007 2078 et
1028 2029 1160 2098 propter

64 2102 286 2162 auctoritatem
309 2104 459 2183 vulgatae
480 2100 648 2177 lectionis,
671 2113 704 2160 et
724 2099 812 2179 quod
827 2118 953 2161 sensum
965 2102 1051 2183 parit
1068 2121 1161 2159 oom-

63 2184 295 2248 modissimum.
340 2184 481 2247 Multum·
494 2199 526 2245 et
542 2206 650 2268 porum
671 2183 749 2265 quid
773 2185 832 2260 sit,
847 2198 921 2244 ‘non
941 2196 1162 2267 potentum-²

63 2269 191 2330 modius
207 2267 376 2341 declarari,
401 2290 494 2352 qnam
509 2269 748 2351 comparatione
763 2271 925 2351 temporie.
941 2271 1054 2330 (ἔπεα.
1096 2268 1166 2329 lte-²

64 2353 230 2434 posuimus
245 2355 419 2414 lectionem
434 2351 517 2413 Eds.
534 2366 611 2414 vett.
654 2351 711 2416 sis
723 2353 812 2414 Dial.
828 2356 931 2433 Mort.
944 2352 1035 2415 xlvr
1051 2351 1106 2414 βα.
1125 2348 1166 2425 &a

59 2434 209 2521 Ἠρακλεῖ
218 2439 269 2502 καὶ
283 2435 426 2526 Διονύσῳ
440 2436 639 2521 παραβάλλεις
650 2436 795 2504 σεαυτόν·
816 2438 894 2501 infr.
909 2441 1055 2500 Hermot.
1070 2440 1166 2509 αδδ..

64 2526 117 2588 καὶ
130 2520 333 2606 παραβάλλων
349 2527 399 2590 καλ
414 2518 613 2600 ἀντεξετάζων
624 2520 696 2598 roric
708 2525 831 2600 οἴνους·
853 2522 972 2606 Quom'.
985 2522 1073 2584 Hist.
1086 2538 1113 2583 α’.
1124 2528 1165 2589 ‘L'

61 2603 108 2756 gir
120 2600 177 2673 οὖν
189 2612 240 2685 ἓν,
264 2611 377 2690 φασλν,
401 2610 447 2674 tot
459 2613 663 2694 παραβαλεῖν·
686 2622 718 2671 et
730 2608 857 2692 saepius
875 2608 964 2675 alibi.
978 2620 982 2629 '
996 2605 1073 2670 viu
1089 2603 1165 2675 lud.

93 2715 136 2759 ru.

150 2776 229 2839 Eas.
244 2780 267 2842 1.
284 2785 335 2848 1-3.
358 2777 438 2863 Περὶ
451 2776 618 2863 μεγίσταν)
634 2773 784 2863 Ἆγνθαῖν.
804 2779 913 2840 Boon.

152 2896 197 2958 Pu
220 2942 229 2960 ·
252 2904 303 2964 12.
327 2898 401 2964 1.2.
433 2898 596 2977 Χαλδαίαν
616 2893 788 2978 μεθόδους)
808 2895 893 2959 Vide
916 2894 1110 2977 Gell.X1V.‚
1130 2904 1166 2966 2·

69 2980 174 3067 (c.1)
230 3002 326 3043 onor.
369 2981 504 3063 Saepius
517 2980 552 3040 ia
565 2979 616 3041 his
628 2979 721 3041 libris
734 2996 906 3042 occurrunt
920 2980 1080 3058 Chaldaei,
1103 2980 1168 3042 Lu·

69 3071 153 3129 cinni
173 3080 277 3129 aetate
300 3070 363 3149 jam
384 3087 451 3127 non
473 3065 609 3148 amplius
632 3070 774 3148 populus
791 3068 847 3129 ille
864 3067 961 3129 Asiae
983 3066 1173 3149 antiquitus¹

70 3151 312 3224 celeberrimus,
335 3149 390 3213 sed
416 3170 495 3234 gens
518 3150 646 3232 potius,
669 3154 722 3211 vel
738 3166 841 3230 secta,
862 3173 903 3213 ex
925 3150 1076 3213 omnibus
1097 3148 1174 3210 tum'

71 3249 226 3296 terrerum
240 3235 429 3319 regionibus
443 3233 599 3309 so'nflata3
624 3235 681 3320 qui
699 3256 797 3316 quum
813 3236 891 3297 olim
905 3237 1044 3298 fuissent
1056 3234 1169 3296 Astro-

70 3321 200 3380 nomiae
217 3320 405 3382 inventores
429 3335 463 3381 et
483 3325 636 3398 cultores,
660 3320 787 3402 (Schol.
809 3320 849 3383 ad
862 3322 917 3381 De
934 3322 1053 3381 Astrol.
1069 3341 1095 3385 o.
1111 3316 1169 3392 3.)

69 3419 182 3486 postea
195 3404 236 3465 ad
252 3405 357 3465 varias
376 3419 459 3466 artes
473 3419 539 3465 tum
556 3405 783 3489 astrologicae,
807 3421 873 3487 tum
890 3407 1047 3491 magicas,
1070 3400 1170 3485 proii-

70 3487 182 3549 tendas
205 3487 419 3552 declinarunt.
463 3488 560 3552 Unde
578 3488 813 3551 Chaldaeorum
838 3489 1028 3570 discipline,
1052 3486 1092 3549 sie
1105 3507 1170 3570 qua
1285 3492 1288 3499 '

73 3571 187 3633 Gellius
208 3571 276 3657 agit
300 3577 323 3634 1.
348 3578 370 3637 λ.
389 3589 422 3636 et
442 3594 524 3655 quae
548 3573 611 3636 boo
635 3576 768 3638 Lucioni
788 3579 863 3637 loco
882 3574 1051 3647 innuitur;
1082 3566 1177 3632 unde'

71 3662 234 3722 Χαλδαίων
247 3663 353 3734 παῖδες
364 3658 465 3723 Diell.
482 3660 601 3720 Mortt.
615 3659 679 3738 XI,
694 3667 721 3726 1.
738 3656 976 3740 eorundemque
987 3656 1083 3740 τέχνα.
1103 3652 1170 3717 Νε·

71 3759 178 3822 cyom.
195 3765 223 3806 o.
238 3750 270 3811 6.
287 3758 320 3805 et
336 3744 442 3805 verite
455 3745 570 3810 λποοὸολ
586 3742 732 3826 Philops.
750 3766 779 3807 o.
796 3752 846 3810 11.
860 3764 908 3827 sq.
929 3744 1049 3807 Lnuu.
1131 3750 1135 3755 '

156 3859 237 3924 End.
249 3865 271 3923 l.
286 3870 318 3932 6.
345 3859 494 3946 Τάχρεαλν
506 3859 646 3936 ἐπιστάν)
666 3862 775 3925 Fatum
785 3866 951 3930 imminens·
975 3862 1085 3927 Boou.

106 3968 110 3975 ·
155 3943 236 4011 lna,
249 3949 339 4017 1.·19.
360 3943 555 4030 binomios)
576 3945 651 4011 vid.
666 3969 746 4008 rurs.
763 3956 851 4016 o.62.
873 3949 1013 4015 Sonam·
1176 3990 1180 3995 -

156 4027 335 4113 &rib-l.
351 4038 383 4100 7.
413 4040 459 4119 Τῇ
472 4029 564 4119 άρεπῇ
580 4027 668 4115 βίον)
688 4031 768 4094 Post
778 4031 870 4094 verba
887 4031 971 4105 baso,
980 4030 1084 4097 scribe
1095 4034 1168 4095 Ar.

70 4112 185 4205 lirun.
224 4112 361 4193 Excidit
372 4138 511 4199 persons
523 4120 675 4188 Λνκλναν.
719 4115 852 4187 Soiliost
868 4117 989 4181 fusses
1003 4113 1097 4201 ,πρὸς
1114 4112 1179 4180 sis·
