2634 4680
302 326 905 382 rrnnnuorraurr.
1079 318 1155 390 437

62 498 152 552 men,
176 488 213 537 ut
225 477 432 556 possessoris,
456 479 491 538 in
507 477 614 537 fronte
627 475 723 558 hujus
743 477 818 539 libri
835 480 987 562 scriptum
1007 479 1153 545 invenio.

61 564 106 621 At
122 560 204 620 illud
221 556 314 626 uincor
336 575 421 623 certe
435 561 682 623 convenientius
699 564 801 634 foret,
824 584 916 647 quam
934 555 1044 641 aiunl,
1066 565 1155 650 quod

62 645 118 705 hic
131 642 374 728 ἄπροςόιόνυσον
387 662 445 707 est.
489 645 544 708 Sic
557 644 641 705 enim
658 644 738 707 dicit
751 647 923 725 Lucionus:
945 648 1024 710 nihil
1036 649 1156 732 adposi-

62 746 125 790 tum
137 734 215 791 vicus
230 747 271 792 est
284 730 378 793 dicere
390 729 526 792 Phidias.
570 727 653 789 Nam
670 731 731 791 etsi
748 728 853 809 dicas,
879 733 1061 795 aLuciano
1077 754 1155 814 pue·

61 836 131 873 rum
151 815 260 875 vocari
277 815 529 892 Hermotimum,
551 833 609 895 per
628 813 821 892 ludibrium,
846 815 932 898 quod
948 816 1090 898 junioris
1105 817 1175 877 in&

60 913 127 957 star
142 898 291 982 discipuli
308 898 454 979 quotidie
465 898 606 959 scholam
622 896 881 980 philosophicam
895 900 1093 982 frequentet.
1116 914 1155 962 ut

61 982 158 1042 initio
180 982 276 1065 hujus
298 982 433 1065 Dialogi
450 981 577 1060 innuit,
592 981 635 1040 'id
658 996 763 1044 tamen
781 983 887 1044 minus
914 982 978 1043 bric
999 983 1157 1066 quadrare

58 1065 197 1130 videtur.
241 1066 371 1129 Solonas
391 1065 566 1149 adjecerat,
587 1070 617 1128 le
641 1064 757 1126 endum
779 1062 795 1130 ὅ
817 1076 894 1146 πᾶς,
914 1088 979 1127 non
1001 1072 1100 1149 male,
1121 1082 1155 1131 et

59 1149 288 1212 conferendum
310 1151 426 1236 Navig.
442 1173 510 1232 cap.
524 1158 576 1218 26.
653 1149 685 1209 bi
706 1150 741 1209 in
760 1151 949 1233 quibusdam
971 1151 1154 1235 Edd.*quo.
1235 1182 1237 1187 ·

60 1255 123 1316 que
149 1230 167 1298 ri
188 1243 259 1308 παῖς
280 1234 414 1317 legitur,
438 1257 509 1295 cum
529 1234 611 1296 aliae
632 1233 753 1295 ibidem
777 1250 862 1297 recto
882 1233 899 1301 ὅ
919 1242 978 1312 πᾶς
992 1233 1153 1316 habeant3

59 1318 211 1378 nimirum
231 1318 323 1393 ὁπᾶς
335 1317 476 1385 πλούτων
492 1319 676 1404 (πλοῦτος),
699 1335 778 1381 totus
791 1320 956 1396 thesaurus,
979 1335 1059 1380 totae
1073 1318 1153 1383 divi-

58 1407 126 1462 tiae.
169 1404 333 1464 Praeterea
355 1419 387 1465 et
406 1426 463 1486 pro
487 1405 599 1489 λέγων,
622 1403 702 1488 legit
721 1404 814 1482 λέων,
836 1404 923 1488 quod
937 1404 1009 1465 scil.
1022 1402 1152 1482 licebat,

59 1487 136 1568 quia
153 1487 209 1547 alii
229 1490 320 1572 γέλων
342 1487 512 1550 exhibent:
533 1490 579 1549 ita
603 1501 754 1549 uttotum
778 1488 825 1549 sic
846 1489 1038 1564 constituat,
1062 1483 1152 1555 οὐδὲν

58 1568 115 1655 γὰρ
128 1572 205 1654 πρὸς
220 1570 273 1637 siv
288 1569 460 1650 Διόνυσον,
484 1567 501 1638 i
517 1579 577 1648 πᾶς
590 1575 680 1650 λέων,
701 1572 862 1635 nibilenim
879 1569 990 1633 adrem
1002 1571 1090 1657 focis
1106 1576 1170 1635 so·‘

58 1673 104 1715 tus
124 1654 179 1718 leo.
223 1658 334 1742 Eligat
357 1656 473 1740 igitur,
498 1656 583 1739 quod
600 1658 672 1739 quis
685 1661 783 1717 volet.
805 1659 929 1719 linrrz.
974 1655 1100 1718 suidam
1114 1657 1151 1717 in

59 1737 148 1803 oridia
159 1740 293 1820 laudat,
317 1740 465 1824 nihilque
487 1762 568 1822 opus
585 1762 653 1804 esse
669 1740 892 1802 emendatione
908 1740 975 1804 h.1.
991 1738 1073 1800 bene
1088 1739 1151 1802 ad-

57 1825 289 1886 notatBelinus.
311 1827 384 1890 Bn.
430 1826 563 1886 Gratum
580 1824 708 1908 quidem
725 1824 819 1884 nobis
833 1824 1050 1900 fecitBeIinus,
1062 1822 1152 1907 qnod

59 1909 184 1968 Suidam
197 1931 221 1973 s.
237 1930 268 1971 v.
288 1903 385 1974 Οὖὸὲν
398 1910 496 1984 citat,
519 1930 615 1993 aquo
629 1909 750 1990 triplici
764 1906 859 1968 modo
877 1908 1040 1989 proverbii
1058 1908 1149 1992 origo

58 1993 246 2072 explicatur.
289 1994 407 2054 Verum
431 2006 531 2068 errat,
555 2015 649 2076 quum
672 1992 720 2052 sic
743 2006 837 2075 putat
858 1994 955 2052 simul
980 1991 1063 2052 dilui
1081 1994 1151 2052 cri·-

56 2098 146 2151 men,
171 2077 205 2135 in
221 2076 307 2157 quod
322 2075 452 2138 Solimus
465 2077 559 2138 verba
573 2077 705 2139 Lucioni
718 2076 857 2139 vocavit.
901 2076 978 2135 Non
993 2076 1078 2136 enim
1093 2076 1149 2138 ille

57 2160 96 2220 de
117 2160 286 2242 proverbio
311 2163 383 2242 ipso
404 2161 488 2244 agit,
520 2183 623 2245 neque
645 2160 725 2222 adeo
745 2160 857 2236 verba,
882 2157 972 2225 cdliv
993 2156 1050 2244 yria
1071 2158 1149 2243 πρὸς

55 2243 110 2309 τὸν
125 2242 280 2310 Διόνυσον
293 2245 440 2306 tentavit.
483 2245 545 2310 Sed
559 2247 663 2330 tangit
685 2245 866 2305 criminatio
882 2249 968 2327 ejus,
994 2265 1073 2328 quae
1087 2244 1150 2304 ad·

57 2329 193 2404 duntur,
219 2329 330 2390 verba:
354 2322 464 2408 ὦπαῑ,
487 2333 589 2413 λέγων.
634 2331 677 2388 Et
690 2334 751 2412 jam
769 2328 847 2391 haec
861 2327 1047 2407 videndum,
1070 2350 1147 2389 num

56 2415 221 2473 sanarint.
244 2416 295 2485 ,At
309 2429 385 2474 sunt
402 2415 577 2475 sanissima.
610 2413 747 2478 Phidiae
761 2413 916 2474 tribuitur
932 2412 1146 2497 proverbium,

56 2520 124 2558 non
140 2498 232 2580 quasi
246 2500 366 2579 primus
392 2499 446 2561 ille
461 2497 539 2560 baec
554 2499 650 2560 verba
674 2504 802 2558 locutus
818 2499 875 2569 sit,
900 2496 986 2580 quod
1006 2496 1149 2559 Gesnerus

56 2585 140 2640 falso
162 2603 202 2642 ex
223 2581 255 2642 h.
277 2587 298 2641 l.
320 2583 462 2664 colligit,
491 2581 545 2644 sed
569 2582 701 2666 fingitur
721 2580 871 2658 Phidias,
905 2597 1056 2662 tanquam
1078 2581 1169 2662 ipset

55 2665 242 2740 Lucianus,
264 2687 299 2726 ea
322 2663 361 2724 ad
377 2667 611 2727 Hermotimum
634 2679 777 2726 nostrum
796 2665 911 2734 dicere,
954 2666 1007 2725 Sic
1023 2665 1148 2725 invidia

56 2750 103 2809 rei
126 2749 279 2812 mollitur.
324 2749 454 2811 Deinde
478 2749 652 2827 allocutio,
675 2742 699 2813 oi
720 2756 790 2825 παῖ,
820 2751 930 2827 potius
950 2748 1149 2808 blandientis

58 2847 122 2908 cst,
143 2847 264 2892 utessc
279 2837 377 2910 solet,
402 2853 495 2914 quam
510 2831 727 2915 despicientis.
756 2832 870 2914 Neque
885 2832 964 2893 adeo
978 2853 1048 2891 cum
1062 2833 1149 2893 Bro-

57 2918 131 2978 daeo
149 2916 329 2998 imperitum
342 2938 492 2996 puerum,
515 2920 568 2978 vel
591 2938 660 2976 cnm
678 2915 803 2978 Gesnero
817 2931 848 2978 et
860 2915 978 2978 Reitzio
997 2915 1145 2991 tironem,

59 3003 201 3083 cogitare
223 3000 255 3062 h.
277 3005 299 3066 l.
323 2999 506 3062 debebimus
527 3000 773 3067 Hermotimum.
816 2999 891 3065 vid.
911 2999 1061 3086 Soboffer.
1075 3000 1147 3061 Me·

58 3091 127 3146 lett.
145 3106 175 3166 p.
195 3092 267 3154 115.
310 3085 364 3145 Sic
380 3098 467 3166 patet
482 3107 547 3146 non
565 3090 666 3147 solum
682 3085 832 3167 probam,
853 3084 1017 3146 sedetiam
1032 3082 1148 3166 exqui-

59 3171 139 3229 sitae
154 3170 332 3253 elegantiae
352 3190 420 3231 esse
432 3169 516 3230 hanc
533 3191 656 3232 omnem
672 3170 814 3231 Luciani
832 3171 1029 3246 orationem3
1052 3177 1147 3250 quarn
1234 3232 1238 3243 ,

57 3254 85 3313 si
108 3269 269 3314 assecutus
291 3255 407 3315 fuisset
427 3254 572 3333 Salanus,
595 3254 781 3338 nentiquam
797 3256 916 3339 opinor
935 3272 1007 3315 enm
1021 3273 1070 3314 res
1084 3272 1149 3314 no·
1234 3248 1240 3267 ¹

58 3361 113 3400 vas
127 3339 228 3400 fuisse
241 3338 273 3406 h.
287 3343 308 3404 l.
325 3340 522 3403 moliturum.
553 3342 670 3405 Laura.

140 3463 217 3526 End.
233 3469 255 3528 l.
273 3473 302 3532 6.
337 3469 464 3550 Φειδίᾳ)
493 3464 543 3526 Ad
566 3464 714 3526 Phidiam
736 3465 838 3549 igitur
860 3461 1024 3546 proverbii
1048 3461 1147 3545 hujus
1175 3482 1180 3498 ·

58 3549 215 3632 originem
241 3551 339 3611 refert
360 3549 551 3611 Lucianus?
587 3550 677 3632 qnasi
699 3550 729 3611 is
749 3548 825 3611 olim
841 3549 886 3608 ita
908 3544 1147 3630 reprehenderit

58 3656 191 3714 puerum
205 3638 256 3693 vel
280 3635 435 3712 tironem,
458 3656 559 3718 eaque
579 3634 675 3695 verba
689 3655 776 3694 nunc
793 3632 831 3693 ad
847 3631 1079 3692 Hermotimum
1090 3652 1148 3692 re·-

58 3730 156 3797 petat.
195 3721 272 3778 Tale
287 3717 364 3804 quid
384 3740 460 3779 sanc
478 3719 569 3779 verba
582 3717 644 3778 sibi
658 3723 773 3779 volunt
781 3762 792 3790 ,
815 3717 841 3776 si
860 3717 907 3776 ita
921 3713 1010 3776 dedit
1025 3714 1148 3778 Lucia-

59 3825 129 3873 nus,
153 3799 270 3883 dequo
293 3803 349 3862 vix
364 3817 411 3867 est
431 3817 467 3863 us
483 3801 664 3863 dubitemus
673 3850 683 3878 ,
703 3802 783 3864 licet
800 3800 870 3861 aliis
892 3798 948 3861 alii
964 3821 1015 3882 ap.
1029 3797 1147 3863 Eram

57 3883 212 3948 tribuant.
240 3885 345 3949 Grau.
477 3894 481 3905 '

144 4010 219 4094 Pag.
231 4018 284 4079 79.
299 4018 320 4079 l.
335 4020 366 4083 7·
390 4016 433 4079 El
446 4009 487 4094 μὴ
511 4005 601 4101 civim
615 4010 671 4093 τὴν
683 4010 859 4094 διατριβὴν)
883 4009 1049 4090 Obsopoeus
1056 4056 1066 4086 ,
1089 4014 1148 4070 ruisi

60 4098 196 4161 exercitii
206 4100 331 4185 impigro
346 4098 445 4163 studio
459 4096 538 4162 illud
550 4116 719 4164 consecutus·
719 4098 831 4189 filaris.
873 4093 1064 4169 Benedictus,
1088 4096 1148 4157 nisi
