2634 4680
309 270 377 325 ιο
426 268 914 331 ussnnorsrrun.
1084 255 1160 335 419
1234 304 1259 343 ·.

64 417 378 506 exemplis-probat,
413 438 480 482 non
499 414 748 503 ἀπορούμενος)
785 415 840 481 sed
868 412 1085 504 οἲνταιρὸμονος
1105 420 1161 484 hio
1250 410 1255 419 ’

10 480 28 600 ἶ
64 509 185 570 Graece
199 505 284 569 dicis
314 501 400 591 quod
425 516 546 565 certum
569 518 635 576 est3
666 524 740 563 nans
760 517 808 565 est
828 501 867 563 ab
888 505 963 587 αἴρω
985 516 1018 564 et
1036 508 1161 588 αἴρομαι

10 592 27 685 Ἰ
64 592 157 669 tollo,
182 612 248 652 non
263 589 303 650 ab
319 590 409 672 αἱρέοο
421 586 509 669 eligo.
552 587 632 649 Cum
650 608 726 650 vero
741 600 773 648 et
789 586 825 646 iu
837 586 1004 649 nonnullis
1019 590 1158 671 scriptis,

10 732 27 769 Ι
63 676 275 759 plurimisque
292 673 389 736 editis
407 670 589 751 Thucydidis
608 684 693 734 reete
715 669 782 754 legi
804 666 1041 756 ἆντοορομένοος
1059 672 1162 735 adfir-

10 816 25 855 Ι
63 775 148 841 met3
171 755 258 821 haud
274 757 343 820 scio
364 779 404 817 an
427 755 523 817 nimis
547 755 718 840 religiosus
739 754 858 836 fuerit,
885 754 973 842 quod
992 770 1100 819 tamen
1124 752 1161 818 iu

10 886 24 940 ᾗ
63 857 253 907 contextum
266 842 409 925 recipere
423 861 490 903 non
505 839 549 901 sit
565 860 671 901 ausus.
692 840 818 900 Rerrz.

10 990 22 1025 ι
146 967 223 1034 Iiad.
246 972 268 1030 1.
290 975 340 1036 11.
367 960 596 1053 Ἀπαγορεῦσῃ)
616 962 723 1049 ‚Quod
744 962 849 1051 digito
867 978 974 1029 erecto
993 965 1162 1057 significa-f

10 1073 20 1109 Ι
61 1055 152 1119 bant.
175 1056 303 1118 Sonam.

10 1156 21 1193 ¹
144 1139 220 1220 Pag.
233 1143 286 1204 49.
300 1140 322 1198 l·
341 1143 371 1203 1.
397 1132 436 1202 Τὸ
451 1133 612 1218 τοιοῦτον)
641 1132 851 1197 Conitantem
872 1134 1072 1198 Editionum-
1089 1141 1162 1200 leo-

10 1224 19 1280 i
60 1225 182 1286 tionem
198 1243 281 1297 esse,
303 1219 433 1282 Solonas
446 1219 630 1297 adnotarat,
653 1218 804 1301 neuquid
830 1241 903 1281 uam
916 1220 1106 1282 variationis
1122 1222 1160 1286 in

62 1306 238 1370 Codioibus
254 1300 392 1388 reperit,
415 1318 452 1364 ut
468 1303 603 1386 opinor,
625 1303 749 1387 alioqui
764 1239 952 1366 enituisset.
995 1303 1085 1387 Quid
1098 1304 1161 1389 igi-

10 1413 16 1451 ο
62 1407 116 1453 tur
130 1390 194 1451 sibi
211 1392 282 1452 vult
296 1391 352 1451 illa
368 1408 566 1471 supervacua
582 1386 778 1449 adnotatio?
805 1388 857 1448 An
872 1388 1029 1471 speravit,
1052 1384 1087 1450 se'
1100 1388 1160 1449 in-

10 1502 15 1533 .-
62 1489 251 1552 venturum,
274 1474 330 1534 ubi
347 1475 500 1535 articulus
516 1473 572 1533 ille
587 1470 754 1532 abundans
768 1487 1032 1556 antapronomen
1046 1473 1159 1536 desit?

10 1589 13 1623 ι
63 1560 130 1621 Vix
148 1558 262 1641 credo;
284 1581 357 1620 nam
374 1574 406 1620 et
420 1556 633 1636 Nosterlalibi
655 1577 721 1617 non
736 1562 833 1618 semel
845 1557 890 1618 ita
907 1561 1005 1636 solat,
1030 1573 1160 1619 ut-mnx

63 1642 235 1705 indicabor
265 1658 388 1726 quanto
414 1656 518 1703 autem
541 1640 642 1724 magis
664 1639 1018 1703 abundaret-articulus
1038 1643 1074 1702 in
1099 1641 1159 1705 illo

62 1727 235 1791 Aristotelis
249 1726 288 1789 dc
303 1729 385 1790 Gen.
404 1725 500 1788 anim.
514 1725 587 1802 111,
611 1733 642 1792 6.
665 1744 712 1805 pr.
741 1723 780 1789 Ti
801 1725 835 1790 di
857 1721 931 1790 ariri
954 1732 1042 1792 corito
1063 1735 1159 1793 ποιοῖ.

62 1815 185 1875 Iterum
206 1811 284 1876 ibid.
307 1811 363 1874 fin.
388 1809 447 1876 Τὸν
467 1809 522 1889 μὲν
537 1807 647 1892 τρόχον
663 1801 758 1872 αὗτόν
773 1803 867 1874 orricio
881 1805 1008 1893 ὀχεύειν.
1051 1810 1159 1875 Noster

62 1919 149 1979 supr.
166 1918 192 1957 o.
210 1904 259 1963 10.
274 1893 339 1977 ἥτις
353 1892 374 1977 ἡ
390 1892 592 1977 καταστροφή.
634 1893 681 1953 Ut
696 1892 758 1953 alia
776 1895 932 1961 omittam.
977 1893 1040 1958 Sed
1059 1903 1161 1962 coroe-

59 2007 113 2046 rov
128 2002 187 2061 pro
204 1987 321 2045 τοιοῦτο
334 1980 429 2040 scribi
445 1977 621 2038 notandum
637 1976 742 2040 duxit.
787 1977 905 2039 Verum
917 1993 950 2039 et
961 1979 1025 2039 hoc
1035 1980 1158 2043 Nostro

61 2087 133 2126 cum
149 2065 266 2124 Atticis
281 2064 438 2125 familiare
455 2067 604 2143 esse,jam
617 2063 666 2122 bis
682 2075 731 2122 ter
744 2060 825 2122 alibi
843 2061 983 2133 &imus
999 2062 1063 2124 hoo
1074 2065 1159 2125 Dia.

60 2155 148 2232 logo.
193 2147 267 2210 vid.
284 2147 448 2222 Indicam,
470 2152 522 2208 vel
536 2168 622 2229 supr.
638 2168 664 2208 o.
680 2152 732 2213 29.
750 2138 871 2207 iterum
883 2147 938 2211 fin.
952 2155 981 2224 0.
996 2156 1046 2218 34.
1062 2164 1095 2211 et
1108 2169 1157 2230 pr.

62 2233 90 2316 §.
106 2237 157 2301 35.
170 2232 269 2315 hujus
289 2235 377 2297 Dial.
399 2232 454 2291 ubi
476 2231 589 2292 itidem
612 2231 701 2295 artic.
725 2229 864 2295 additur.
887 2232 1011 2298 Rnrrz.
1056 2232 1157 2297 Sosus

58 2317 183 2380 Belinus'
201 2315 340 2398 judicat,
379 2316 546 2398 suspirans
571 2314 715 2379 solcum
737 2314 811 2377 ideo
833 2316 951 2378 variam
983 2318 1157 2399 quaesiisse

58 2403 251 2474 lectionem,
287 2399 374 2485 quod
403 2401 438 2460 in
465 2399 627 2462 infinitivi
649 2398 727 2467 ciros
751 2401 926 2462 insolentia
959 2403 1156 2473 offendisset.

60 2487 269 2569 Quapropter
286 2490 332 2568 εἴη
350 2490 422 2547 vult
434 2484 499 2567 legi
514 2505 572 2566 pro
587 2483 675 2550 εἶναι.
721 2484 818 2567 Quod
833 2508 898 2546 non
915 2488 1027 2568 probo.
1071 2487 1170 2549 Nam'

60 2570 181 2652 pendet
193 2569 270 2635 εἶναι
281 2592 322 2630 ex
338 2568 540 2630 antecedenti
557 2572 686 2643 οἰέσθω,
709 2571 804 2630 etsie
819 2570 887 2632 fere
899 2571 993 2632 verba
1008 2586 1086 2633 sunt
1101 2592 1157 2633 oa-

61 2652 200 2736 pienda:
222 2654 268 2714 Ne
282 2658 382 2738 itaque
402 2651 605 2714 Hermotimus
625 2677 666 2714 cx
681 2677 731 2725 eo,
754 2652 836 2736 quod
855 2689 899 2704 ·-
918 2689 962 2702 -·
981 2661 1096 2718 vincere
1110 2655 1157 2717 ii-

61 2738 108 2798 los
120 2737 238 2811 credat,
262 2753 315 2796 aut
327 2736 405 2797 ralia
417 2761 476 2797 esse
490 2752 591 2796 nostro
598 2784 609 2813 ,
637 2736 818 2820 quocsacile
828 2742 942 2820 possint
953 2744 1059 2804 everti:
1080 2738 1159 2801 olio·

61 2826 133 2905 quin
149 2820 238 2881 talem
253 2824 395 2882 rationem
408 2820 499 2897 (soil.
515 2819 690 2881 credentium
702 2825 729 2882 ei
743 2819 806 2964 mi
828 2822 952 2883 similem
962 2825 1038 2910 sore
1052 2847 1159 2906 puero-

61 2930 126 2965 rum
137 2904 282 2988 cedficiis
297 2919 356 2966 etc.
393 2898 448 2967 ”Ac
464 2924 535 2962 cum
548 2902 721 2965 Infinitivo
737 2903 781 2966 ho
806 2905 836 2966 ie
853 2926 919 2968 non
936 2928 1017 2990 opus
1032 2923 1099 2985 est,
1119 2920 1161 2967 nt
1182 2902 1185 2911 “

61 2991 262 3062 illustretu13
295 2988 370 3049 vide
392 2985 507 3064 modo,
540 3007 715 3070 quaemox
737 3002 932 3071 sequuntur,
961 2989 1158 3068 πιστεύουσι.

58 3070 119 3158 atqie
132 3073 175 3158 (i.
194 3093 222 3133 e.
238 3075 288 3137 uoci
305 3067 363 3156 iv)
378 3068 420 3136 δι’
437 3068 537 3137 is'rriosv
551 3076 638 3152 σφίσι
652 3080 787 3158 χωρῆσαι
800 3071 874 3150 τούς
889 3070 1019 3152 o'lororirs
1062 3071 1157 3152 Patri,

59 3159 210 3241 alioquin,
233 3157 307 3219 vide
325 3176 419 3237 supra
434 3178 459 3221 o.
476 3165 526 3225 28.
551 3158 677 3223 Timon.
703 3181 729 3223 c.
743 3164 796 3228 53.
812 3161 914 3220 Diali.
927 3163 1044 3228 Mort't.
1059 3161 1108 3231 X.
1126 3163 1160 3229 6.
1187 3188 1189 3193 ·
1248 3186 1258 3201 ‘

61 3263 89 3306 e.
107 3263 134 3303 a.
151 3241 306 3325 Denique
318 3239 352 3307 sd
367 3248 510 3307 τοιοῦτον
519 3240 640 3323 probae
653 3264 736 3321 esre,
758 3258 791 3306 et
802 3265 876 3306 vere
892 3245 1037 3326 Atticae,
1060 3246 1159 3306 Grae·

59 3327 168 3387 citatis
176 3373 187 3402 ‚
210 3346 317 3409 neque
330 3324 393 3385 hoo
409 3339 478 3399 est,
503 3324 590 3408 quod
604 3343 781 3389 moneatur.
824 3327 901 3391 vid.
915 3330 1001 3390 iufra
1017 3351 1086 3412 cap.
1103 3335 1159 3398 84.

57 3425 139 3473 extr.
158 3426 190 3472 et
208 3431 303 3492 snpra
319 3431 346 3472 c.
365 3417 416 3478 29.
431 3425 511 3475 extr.
530 3410 588 3471 ubi
602 3432 645 3471 ax
661 3412 750 3474 Varr.
765 3414 874 3476 Leott.
898 3414 1049 3498 colligere
1074 3413 1160 3476 lice-

57 3494 123 3572 bit,
156 3516 222 3556 non
241 3495 397 3570 Belicam,
427 3493 484 3555 sed
508 3493 677 3573 Reitaium,
709 3495 748 3559 de
772 3496 903 3576 Seiano,
935 3498 1054 3560 variam
1075 3497 1110 3562 h.
1131 3502 1157 3559 l.

53 3580 225 3642 lectionem
241 3578 460 3652 desiderante,
481 3593 568 3640 recte
591 3581 778 3662 conjecisse.
799 3583 920 3646 Lanu.

141 3703 222 3768 ibid.
248 3702 515 3786 Οἰκοδομήμοσιο)
535 3703 656 3769 Eadem
677 3706 790 3774 Julian.
808 3709 987 3815 Imperator
1001 3709 1036 3771 in
1049 3708 1155 3793 Epist.

55 3785 106 3854 ἶσα
119 3799 183 3864 τοῖς
193 3785 366 3894 Ὁμηρικοῖς
380 3791 467 3855 παισὶ
486 3793 647 3872 παίζομεν,
679 3795 710 3856 oi
729 3791 814 3878 παρὰ
833 3819 887 3870 τας
911 3802 1005 3871 θῖνας
1025 3790 1046 3861 i
1053 3821 1100 3874 ,rt
1115 3788 1157 3860 dv

53 3875 89 3940 ia
104 3879 205 3955 πηλοῦ
218 3883 387 3950 niernum,
411 3867 542 3956 ἐφιᾶσιν
553 3877 680 3963 αἰγιαλῷ
699 3874 874 3954 altifredus.
916 3879 1025 3942 Locus
1049 3894 1156 3941 autam

51 3957 195 4035 Homeri,
219 3978 313 4040 quem
328 3958 522 4023 imitandum
541 3959 605 4022 sibi
617 3961 776 4045 proponit
794 3961 910 4028 Iuliam
934 3977 983 4027 est
1004 3962 1101 4030 Iliad.
1121 3967 1154 4034 6.

53 4043 176 4128 Tangit
189 4041 291 4109 Pisit
1006 4048 1012 4055 ’
