2634 4680
243 312 283 361 sn
310 308 489 369 Qucuono
515 305 692 356 maroam
716 306 776 355 srr
802 308 952 358 consen.
1071 293 1148 367 605

54 459 128 544 qnid
141 458 327 542 obequitare:
345 477 421 522 ‚cum
440 455 499 531 sit,
523 453 672 538 quomodo
691 457 824 539 equitatu
836 482 998 539 erumpere,
1021 472 1078 521 aul
1092 461 1149 525 illo

10 574 17 597 ι
57 549 221 619 circumire,
245 564 302 602 seu
318 543 540 617 circumvenire,
562 539 634 602 scil.
646 538 797 602 hostilem
808 541 994 604 exercitum.
1015 544 1149 612 (ἔασιν.

138 628 216 692 Eud.
230 632 251 689 l.
266 631 297 695 5.
323 628 385 691 Kal
405 624 581 690 τοίνυνκαὶ
599 618 673 708 ἡμῖν
691 621 831 699 τοιοῦτός
842 651 887 702 τις
908 621 1151 711 denuntiantia

55 709 294 793 παραδεδόσθω,
324 713 462 776 συνεῖναί
487 734 536 786 τε,
564 709 617 774 καί
637 711 735 775 εἰπεῖν
756 701 815 773 osis
836 705 962 794 ἇγεννὴρ
982 707 1047 777 ἀλλ’
1068 718 1149 797 etc.)

57 795 288 884 Παραδεὸόσθιυ
303 792 340 860 cd
357 799 494 860 cauciaci
505 813 539 860 τε·
548 795 602 858 stoi
617 797 709 858 εἰπεῖν
724 788 854 937 ἇζεννὴς
867 788 939 871 dtt’,
952 811 1011 858 etc.
1031 800 1149 865 Mane.

140 881 220 942 Eud.
242 885 265 943 l.
286 889 316 948 6.
348 881 513 961 Συνιέναι)
541 882 646 941 Antea
671 882 741 961 lege
765 893 838 938 atur
861 891 1013 960 coctivae,
1044 883 1150 945 miuus

55 982 147 1050 apte,
180 987 251 1026 cum
279 964 326 1026 ita
356 967 491 1026 facultas
516 985 581 1025 una
605 961 778 1045 eademque
809 961 1028 1050 intelligatur;
1063 989 1152 1033 nuno

56 1068 205 1133 utraque.
248 1051 289 1112 In
303 1070 339 1109 ea
354 1064 457 1110 autem
476 1069 557 1111 voce
572 1047 668 1109 facile
683 1046 825 1129 peccari,
841 1062 881 1110 et
900 1071 950 1112 res
964 1050 1036 1135 ipsa
1050 1066 1083 1115 et
1097 1075 1153 1123 ex.

56 1141 195 1218 emplum
211 1156 237 1198 c.
252 1139 303 1201 44.
319 1131 445 1196 abunde
462 1131 647 1197 ostendunt.
677 1132 803 1197 sorau.
847 1131 1076 1199 Obsecundavi
1089 1138 1154 1213 So.

56 1220 128 1281 lanc
151 1221 286 1284 συνιέναι
304 1217 419 1296 edens,
448 1239 507 1301 pro
526 1221 658 1302 vulgato
682 1227 835 1293 συνεῖναι,
862 1220 938 1301 quia
960 1218 1082 1282 Nostro
1104 1223 1151 1284 ita

58 1305 211 1364 usitatum
230 1303 319 1365 novi.
363 1302 436 1364 Etsi
456 1303 541 1366 enim
556 1310 691 1368 συνεῖναι
703 1322 833 1386 quoque
846 1324 864 1363 a
878 1307 1002 1386 συνίημι
1019 1305 1153 1381 formari
1216 1314 1221 1321 '

59 1386 191 1448 tradunt
211 1386 438 1461 Grammatici3
469 1402 575 1448 tamen
598 1386 652 1447 hic
670 1387 766 1446 nimis
786 1386 972 1470 ambiguum
994 1390 1104 1467 foret‚‚
1120 1405 1154 1452 et

58 1473 202 1533 nondum
219 1474 296 1533 satis
316 1470 486 1555 probatum
509 1486 558 1533 est
580 1492 647 1532 uno
670 1476 813 1532 alterove
828 1473 1030 1551 testimonio,
1055 1484 1156 1541 συνεῖ-

57 1583 109 1621 ναι
134 1557 217 1617 idem
241 1578 325 1632 esse,
349 1555 436 1638 quod
456 1559 606 1634 συνιέναι,
628 1555 703 1641 quia
720 1576 807 1617 error
826 1577 845 1616 r
868 1557 1060 1639 compendio
1075 1560 1154 1620 scri·

56 1640 156 1701 bendi
172 1641 207 1701 in
222 1638 399 1702 infinitivis
418 1639 507 1702 hisce
519 1640 659 1718 usitato,
679 1640 778 1702 facile
791 1641 901 1723 potuit
916 1641 1049 1706 oboriri.
1081 1643 1155 1704 He-

59 1727 176 1787 rodina.
191 1742 297 1789 tamen
311 1725 352 1785 L.
366 1724 418 1799 Π,
435 1732 471 1803 9,
488 1729 537 1794 15.
560 1721 639 1807 οὕτω
658 1727 710 1790 nat
731 1721 786 1800 τὰς
803 1729 940 1803 διανοίας
958 1736 1078 1812 παχεῖς,
1101 1731 1156 1794 sul

58 1810 101 1892 μὴ
127 1815 240 1898 ῥᾳδίως
261 1817 396 1876 συνεῖναι
417 1811 596 1893 δυναρίνοι,
617 1814 663 1871 ita
688 1833 788 1872 crasso
802 1827 872 1872 suut
890 1815 1023 1894 ingenio,
1045 1828 1074 1873 et
1093 1837 1172 1891 aon„

49 1894 153 1983 facile
173 1900 317 1972 sentiunt,
337 1895 458 1978 siquid
479 1912 586 1977 ugutru
605 1893 714 1958 dolose.
757 1895 953 1959 EtlicetFl.
967 1895 1047 1959 Ald.
1061 1895 1106 1960 Η
1120 1896 1154 1962 J.

61 1995 94 2041 et
111 1983 304 2042 recentiores
320 1975 459 2040 habeant
476 1988 627 2054 συνεῖναι,
652 2000 711 2041 nec
733 1975 847 2043 Codex
860 1996 1071 2058 memoretur,
1095 1981 1155 2069 qui

61 2064 153 2124 aliter
167 2068 262 2147 legat,
279 2079 382 2124 tamen
400 2063 669 2147 typographicam
683 2077 808 2124 tantum
824 2063 940 2126 vitium
957 2066 1065 2142 credo,
1080 2087 1154 2143 cnm

60 2148 223 2209 versiones
237 2149 377 2209 Latinae
396 2152 458 2231 jam
474 2148 692 2230 expresserint
705 2146 890 2233 intelligendi
908 2148 1057 2231 verbum3
1079 2172 1156 2237 qua·

61 2254 95 2294 re
109 2233 256 2295 monenti
269 2232 381 2296 Solanc
396 2247 486 2295 tanto
502 2234 633 2294 facilius
651 2232 821 2296 obsecutus
838 2255 917 2297 sum.
945 2236 1069 2299 Rarrz.

146 2317 224 2378 Eud.
242 2320 262 2382 l.
278 2326 309 2388 8.
334 2319 395 2384 Kal
414 2315 538 2402 γνώμην
548 2313 781 2403 στρατιωτικὴν,
803 2311 879 2384 itt&
890 2315 962 2401 perd
975 2325 1030 2400 τῆς
1041 2327 1158 2386 πολιαι·

60 2409 137 2483 σαῖς,
160 2405 211 2466 καὶ
232 2404 388 2485 ἐμπειρίαν
407 2401 606 2489 στρατηγικὴν
626 2405 722 2486 ἔχειν)
754 2402 816 2468 Καί
837 2403 965 2489 γνοίμην
987 2428 1157 2491 σσραιιωιιῇ
1205 2448 1213 2455 -

61 2490 135 2570 κήν,
159 2482 231 2552 oillei
247 2488 321 2568 uesci
335 2496 509 2570 πολιτικῆς,
532 2491 583 2554 καὶ
596 2491 747 2571 ἐμπειρίας
759 2497 957 2574 σιραιηγιιιῆς
972 2491 1057 2575 ἔχων.
1085 2492 1158 2553 Re-

63 2574 166 2653 quirit
184 2573 218 2630 in
233 2571 438 2634 historiarum
461 2573 567 2634 scriba
588 2588 724 2634 mentem
738 2573 914 2653 praeditam
935 2589 968 2636 et
979 2575 1026 2637 rei
1039 2575 1158 2637 milita.

62 2658 107 2716 ris
131 2655 238 2740 aliqua
265 2658 400 2733 notitia,
424 2672 456 2716 et
471 2657 607 2718 scientia
627 2654 776 2738 politica,
801 2670 834 2718 et
856 2681 916 2718 usu
938 2658 1157 2740 imperatorio.

64 2742 168 2817 Eant,
190 2736 321 2800 videant
335 2740 437 2801 nostri
451 2740 571 2802 saeculi
586 2739 793 2801 historiarum
804 2740 1018 2820 scribillones,
1037 2744 1157 2827 ecquid

65 2821 224 2907 ejusmodi
242 2825 377 2907 trogalia
394 2824 427 2883 in
444 2845 502 2885 suc
517 2825 591 2884 sinu
605 2838 663 2883 aut
678 2844 764 2905 penu
780 2823 954 2886 inventuri.
975 2829 1154 2909 Mancre..

149 2907 227 2969 Eud.
242 2913 325 2976 1.10.
340 2905 455 2990 Ἔριν)
477 2906 744 2970 Emendationem
751 2907 893 2971 Marcilii
906 2911 1027 2994 recepit
1039 2911 1075 2971 in
1090 2926 1159 2974 tex·

66 3009 134 3055 tum
158 2994 380 3054 salmuriensis
400 2991 507 3065 editor
530 2991 722 3070 Benedictus,
742 3006 776 3055 et
798 3013 874 3056 sane
896 2993 937 3054 ad
956 3010 1158 3060 venustatem
1246 3043 1252 3053 .
1286 3022 1289 3031 ·

63 3080 131 3141 loci
148 3079 253 3138 facere
272 3068 416 3158 videtur3
438 3076 493 3140 sed
516 3078 591 3160 quia
606 3075 771 3140 commoda
791 3078 869 3139 satis
890 3092 939 3142 est
956 3085 1100 3166 vulgata,
1124 3096 1159 3144 et

65 3168 221 3223 nonnulla
240 3177 315 3222 sunt
337 3163 370 3221 in
389 3184 427 3226 eo
441 3166 515 3223 loeo
536 3161 712 3238 salebrosa,
736 3184 817 3262 quae
835 3183 896 3248 ego
912 3179 1079 3247 penetrare
1091 3186 1157 3227 non

63 3269 192 3331 possum
200 3292 211 3322 ,
235 3247 306 3307 aliis
323 3245 443 3309 intacta
456 3247 624 3330 relinquo,
647 3261 681 3308 et
694 3262 884 3329 scripturam
901 3264 1045 3310 veterum
1059 3249 1160 3312 libro·

63 3357 133 3393 rum
153 3330 262 3398 reddo.
305 3328 428 3393 Confer
444 3332 565 3393 Liuium
587 3331 692 3406 XXV,
719 3338 768 3399 19.
790 3344 823 3392 et
841 3329 922 3400 Plu.
947 3333 982 3392 in
1003 3334 1043 3394 V.
1067 3340 1158 3403 1841.

65 3417 210 3499 Quorum
226 3416 299 3494 ille,
321 3433 463 3500 tanquam
475 3415 592 3478 eaedem
602 3415 787 3481 militarem
799 3418 1006 3499 imperatoriae
1017 3434 1095 3481 artes
1107 3441 1160 3481 es-

62 3519 135 3564 sent.
160 3503 286 3565 soem.
331 3502 418 3563 Nolo
440 3499 569 3585 quidem
591 3500 727 3562 nimium
742 3498 825 3561 mihi
847 3499 1013 3604 indulgere
1036 3503 1070 3563 in
1087 3526 1161 3564 rnu-

64 3585 162 3647 tanda
176 3586 318 3647 lectione
338 3600 485 3668 recepta3
508 3584 647 3647 sednon
668 3600 773 3647 tamen
795 3583 912 3647 accedo
928 3585 1057 3663 δοῖσπο,
1081 3588 1160 3651 satis

64 3669 266 3731 commodum
284 3692 410 3730 sensum
425 3673 480 3731 vul
503 3685 573 3732 atae
587 3669 830 3753 pronuntianti,
854 3690 947 3753 quem
962 3669 1091 3753 quidem
1106 3693 1161 3734 sa·

64 3757 108 3815 tis
124 3754 273 3838 adparere
288 3756 403 3834 fateor,
425 3691 505 3837 quid
518 3753 617 3831 velit,
640 3752 775 3816 sednon
794 3752 977 3816 commodae
992 3769 1096 3818 tamen
1111 3771 1161 3819 cst

65 3854 254 3902 structurae.
300 3838 380 3901 Cum
394 3839 480 3902 enim
493 3833 564 3903 αλλ’
588 3833 641 3917 ὄξύ
656 3836 803 3922 δεδορκώς
818 3838 855 3898 in
870 3837 1046 3920 participio
1057 3862 1161 3924 pona·

65 3939 130 4000 tur,
147 3938 179 3985 et
195 3926 319 4009 reliqua
335 3938 411 4006 post
422 3927 555 3985 alterum
570 3918 643 3988 stt&
659 3933 790 4007 quoque
802 3943 858 4005 per
873 3921 1041 4006 participis
1057 3946 1161 3986 anun·
1262 3920 1265 3925 ’

64 4008 205 4087 tientur‚
228 4032 294 4071 nou
312 4006 426 4087 video,
449 4028 587 4090 quocum
604 4006 702 4070 verbo
721 4006 906 4069 infinitivus
926 4007 1004 4090 ίχειν
1019 4014 1160 4089 aptaco·

64 4092 212 4170 haeream
235 4115 309 4156 uam
330 4107 369 4156 ut
388 4089 561 4180 χρήσασθαι
576 4091 698 4178 pendet
718 4090 758 4156 ab
772 4088 856 4173 σίας,
876 4090 923 4156 itr
937 4090 1073 4157 absurda
1088 4112 1159 4159 oss·
