2634 4680
143 253 220 331 &6
414 266 987 323 annotationes

144 426 210 484 cles
224 421 353 483 Stoicus
369 418 403 478 in
420 418 541 501 optima
558 418 661 478 forma
674 416 708 474 in
720 416 794 481 Jov.
810 418 905 499 Trag.
922 435 951 477 c.
967 419 1019 483 51.
1031 412 1074 475 ad
1091 436 1194 501 quens
1210 420 1255 477 lo.
1288 482 1291 487 ³

145 529 218 569 oum
236 505 431 569 scholiastes
448 502 614 580 observat,
638 502 798 563 Themistio
819 514 919 577 teste,
943 499 1178 585 Chrysippum
1195 504 1255 585 pri·

144 613 231 653 mum
246 590 417 649 formulam
433 588 527 647 istam
543 606 725 668 usurpasse.
751 586 872 645 Luum.
1112 662 1116 667 Ι

229 672 307 735 Eud.
326 677 348 733 l.
363 681 394 742 8.
424 670 590 756 Elpydnn)
616 669 853 740 Hermotimus.
882 668 938 731 ubi
960 674 1059 752 plane
1079 672 1256 735 convictu

146 758 187 820 ab
200 756 352 819 Lueiano
367 779 517 819 erroneae
535 779 611 819 suae
626 754 797 837 opinionis
810 769 909 831 esset,
934 760 1115 835 exclamat,
1144 752 1211 823 Οῐᾶ
1224 784 1256 841 μ

146 837 283 927 inplicta,
309 832 485 920 sitierint,
507 837 666 925 ἄνθρακάς
682 865 734 921 μοι
746 836 800 904 τὸν
813 837 976 923 θησανρόν
993 834 1186 931 ἆποφῇνας.
1219 846 1257 907 Et

148 927 213 988 hoc
227 925 379 991 nimirum
394 926 479 990 inter
491 927 603 989 foedas
624 939 794 1006 corruptae
805 925 993 987 Lucisneae
1005 928 1173 991 lectionis
1188 950 1256 991 sor·

149 1010 226 1091 des;
249 1007 303 1070 cui
320 1011 456 1073 similem
476 1011 577 1072 labem
601 1008 697 1071 addas
714 1008 792 1071 licet
812 1033 854 1073 ex
871 1012 1032 1095 Astrolog.
1051 1016 1257 1161 ⁰²1³·23Jf·

146 1092 282 1181 γαξοντο.
327 1095 462 1180 Corrige
485 1095 614 1158 tandem
638 1094 693 1155 hic
717 1090 907 1178 εἰργάζοντο,
934 1094 1003 1156 illic
1023 1092 1177 1181 εἰργάσω.
1238 1122 1256 1161 n

148 1181 256 1265 potitis
275 1179 404 1265 quidem
421 1182 602 1265 augmenti,
627 1180 715 1262 quod
740 1195 875 1257 vocant,
898 1184 1065 1264 neglectus
1081 1182 1257 1267 frequens:

150 1279 184 1327 at
204 1264 238 1325 in
260 1263 447 1347 hujusmodi
469 1263 682 1347 scriptoribus
699 1264 776 1325 talia
799 1280 875 1326 sont
894 1263 1105 1327 librariorum
1121 1264 1256 1353 flagitis.

149 1350 190 1413 In
207 1350 402 1411 contrarium
417 1364 583 1431 peccatum
598 1363 648 1411 est
661 1350 696 1409 in
712 1349 878 1429 Fugitivis
894 1372 920 1410 c.
931 1357 962 1417 6.
978 1350 1037 1412 nbi
1050 1348 1257 1437 εἰργάσασθω

150 1433 301 1495 scribitur
317 1456 376 1515 pro
392 1434 589 1519 ἐργάσασθαι.
617 1434 713 1498 Jsss.
758 1435 853 1497 lensii
863 1432 1129 1499 emendationem
1145 1454 1257 1515 sunto-

150 1514 246 1581 iitnte
261 1539 318 1578 sua
333 1518 460 1581 firmant
474 1518 578 1586 codd.
591 1518 650 1581 W.
667 1533 699 1580 et
711 1520 752 1583 L.
775 1520 904 1583 somn.

82 1600 88 1609 '
156 1604 159 1609 '
234 1600 315 1683 Ibid.
328 1598 506 1688 ’Ἀνθρακᾶς
519 1630 575 1688 μοι.
587 1601 640 1669 τὸν
651 1602 836 1691 θησαυρὸν)
856 1604 998 1667 Erasmus
1006 1602 1042 1666 in
1055 1626 1159 1691 prov.
1186 1610 1259 1673 'ste-

148 1712 252 1753 scnrus
267 1689 409 1754 corbones
423 1707 515 1752 erant.
536 1690 647 1752 Bnoo.
692 1690 781 1750 Infra
795 1711 904 1750 rursus
917 1686 1020 1753 Zeux.
1039 1712 1065 1757 c.
1084 1698 1121 1759 2.
1134 1694 1164 1757 f.
1197 1696 1260 1759 So·

152 1793 231 1839 ran.
256 1772 328 1835 Hoc
343 1775 550 1855 proverbium
564 1773 739 1855 respiciens
753 1774 869 1835 Timon
886 1775 921 1835 in
939 1774 1070 1843 Timon.
1084 1800 1120 1861 ρ.
1137 1786 1198 1849 41.
1214 1780 1260 1843 in.

151 1871 250 1918 vento
271 1880 386 1942 magno
409 1858 560 1921 thesauro
584 1864 757 1921 exclamat:
778 1857 877 1926 πόθεν
898 1852 1033 1944 χρυσίον
1046 1864 1261 1973 εαςοῦτονιςῆ

150 1964 212 2007 πον
227 1940 303 2021 ὄναρ
319 1940 413 2008 ταῦτά
436 1948 534 2027 dorsi,
556 1946 641 2011 δέδια
663 1950 739 2027 γοῦν
763 1941 805 2027 μὴ
821 1942 980 2029 ἄνθρακας
994 1942 1076 2031 εὕρω
1092 1944 1261 2037 ἆνεγρομ-

151 2051 215 2103 νος.
261 2028 312 2089 Cf.
328 2028 473 2111 Philops.
493 2054 520 2093 c.
536 2039 587 2099 32.
600 2044 633 2091 et
649 2028 770 2089 Adnot.
787 2028 827 2090 ad
842 2032 945 2094 Zeux.
963 2052 990 2090 c.
1004 2039 1037 2099 2.
1065 2034 1200 2099 Lunna.

236 2112 313 2179 Eud.
327 2117 348 2174 l.
367 2121 416 2183 13.
442 2118 520 2194 Περὶ
535 2114 610 2180 ὄνον
626 2117 731 2192 σκιᾶς)
752 2112 867 2178 Erarm.
880 2116 914 2175 in
931 2116 1115 2197 paroemia,
1139 2122 1275 2185 Densi·¹

151 2198 185 2259 ni
197 2196 313 2261 umbra.
335 2190 466 2259 Bnon.¹
489 2198 656 2259 Proverbii
675 2197 772 2281 hujus
791 2198 961 2260 historiam
983 2200 1083 2265 babes
1109 2226 1164 2289 ap.
1181 2206 1260 2269 Plu.

153 2287 246 2351 1558.
260 2283 497 2345 Demosthenes
512 2276 571 2366 pro
588 2282 748 2345 concione
761 2282 1001 2364 interpellatus,
1024 2285 1178 2353 fabulam
1194 2312 1260 2353 nsr·

151 2387 220 2428 rare
239 2365 359 2449 incipit
374 2364 414 2429 de
428 2366 553 2427 duobus
575 2367 762 2428 hominihus
778 2366 839 2430 iter
853 2391 917 2430 nnn
935 2370 1157 2453 facientibus,
1184 2396 1261 2461 qno·

152 2471 223 2513 rum
245 2454 326 2511 alter
356 2450 481 2512 asinum
505 2454 637 2513 alterius
665 2450 875 2517 conduxerat.
919 2456 1078 2519 Fervente
1102 2474 1204 2523 aestn
1226 2460 1263 2523 ds

152 2530 264 2595 umbra
277 2533 360 2596 asini
378 2534 508 2597 discidii
524 2552 718 2605 caussaorta
734 2552 799 2616 est,
824 2552 962 2622 utroque
977 2538 1042 2599 sibi
1056 2562 1130 2603 esm
1145 2542 1263 2607 vindi..
1295 2578 1299 2587 .

152 2632 256 2681 cante.
300 2620 464 2685 Dominus
487 2623 572 2685 enim
596 2644 740 2703 operam,
763 2644 830 2691 non
856 2624 1016 2702 umbram,
1039 2628 1173 2693 locasse
1196 2634 1264 2709 sic·

152 2701 227 2765 bat:
251 2704 307 2765 ille
329 2726 405 2767 vero
430 2723 460 2768 et
483 2706 516 2767 id
536 2728 650 2789 operae
672 2729 742 2771 esse
765 2723 887 2790 partem
907 2707 1142 2775 contendebat.
1190 2714 1263 2777 Hos

153 2785 261 2863 dicto,
284 2789 359 2851 silet
379 2791 633 2854 Demosthenes:
664 2792 765 2852 instat
788 2797 945 2875 populus,
967 2798 1206 2943 postulat‘pue,
1227 2812 1264 2862 nt

152 2870 221 2933 litis
239 2871 333 2935 finem
360 2893 483 2938 narret:
507 2876 546 2936 ad
565 2898 645 2959 qnos
670 2878 744 2954 ille,
769 2899 825 2938 vos
843 2899 937 2949 vero,
960 2877 1086 2963 inquit,
1137 2902 1156 2944 e
1177 2882 1264 2945 asini

152 2954 264 3017 umbra
281 2959 393 3023 audire
413 2962 552 3043 cupitis.
577 2961 616 3023 de
633 2962 715 3043 Rep.
735 2960 857 3023 dicenti
879 2983 1007 3042 operam
1029 2960 1107 3027 dare
1124 2988 1265 3031 recuss-

154 3039 207 3105 tis.
231 3042 307 3106 Vid.
326 3044 421 3107 etiam
436 3047 593 3129 Aristopb.
613 3044 688 3112 Sch.
704 3048 822 3127 Σφηξὶ,
846 3070 876 3108 v·
887 3055 958 3115 191.
974 3061 1005 3109 et
1023 3046 1109 3119 Plar.
1121 3052 1264 3115 Phnedt.

154 3122 204 3185 ed.
220 3128 293 3191 Bas.
310 3150 341 3209 p.
352 3137 425 3197 208.
442 3132 482 3195 A.
526 3132 566 3190 In
583 3132 791 3212 proverbium
808 3130 923 3193 deinde
935 3132 1033 3208 abiit,
1057 3132 1094 3193 de
1109 3136 1203 3201 rebus
1215 3142 1266 3201 ια’·

154 3208 210 3294 lili
225 3232 295 3270 cum
312 3210 525 3296 disceptatur,
550 3212 638 3296 quod
657 3215 753 3275 etiam
769 3217 856 3298 apud
872 3208 1266 3299 Menandrum'exstitisse

155 3294 201 3353 ait
216 3296 327 3361 Zenob.
343 3299 403 3375 VI,
423 3308 474 3369 28.
520 3302 565 3359 Et
578 3298 685 3359 Schol.
696 3302 852 3383 Aristoph.
869 3306 890 3365 l.
906 3324 933 3364 c.
964 3296 1090 3369 Souara.

241 3380 315 3463 Peg.
334 3390 405 3450 100.
421 3389 441 3444 l.
457 3392 488 3452 4.
513 3388 571 3459 Εἰς
583 3378 665 3450 'sve
689 3384 770 3469 red.)
797 3385 930 3470 Thuryd.
951 3388 982 3462 ἐς
1011 3382 1182 3471 &deendor
1199 3392 1266 3459 tri-

154 3468 238 3612 dgof,
262 3464 440 3611 Igsnrsolum
457 3474 598 3553 pervenit:
642 3472 701 3547 Εἷς
720 3465 845 3547 Ἰνδοῦς
863 3478 973 3551 τελεῖν,
995 3492 1057 3555 pro
1082 3484 1184 3543 τελεῖν
1208 3474 1266 3563 τὴν

155 3573 171 3612 0
193 3574 240 3613 (W-
305 3575 408 3614 UYET.
1009 3582 1013 3587 '

240 3635 320 3699 End.
344 3642 366 3697 l.
384 3646 413 3706 8.
438 3636 617 3723 Ἐκθορεῖν)
644 3638 719 3703 Vox
750 3639 898 3722 poetica,
927 3663 1024 3725 qnam
1052 3642 1134 3705 alibi
1154 3658 1265 3711 umen

156 3714 271 3779 iterum
288 3738 430 3802 usurpat.
458 3724 534 3787 vid.
548 3727 653 3791 Proin.
665 3725 700 3784 in
714 3724 832 3787 Verbb.
851 3748 877 3786 c.
885 3732 916 3795 4.
927 3741 962 3789 et
975 3726 1048 3793 Ver.
1064 3729 1156 3791 Hist.
1172 3734 1263 3801 «aad.

157 3800 223 3861 nisi
238 3804 326 3882 quod
345 3805 379 3867 in
400 3809 440 3869 iis
456 3811 537 3871 locis
557 3805 966 3893 dvndopainnon-indoosin
980 3812 1110 3895 legitur.
1133 3812 1265 3881 Some

241 3888 317 3951 Eud.
342 3892 363 3948 l.
388 3902 438 3960 11.
471 3892 573 3976 Κενὴν
601 3899 776 3978 μακαρίαν)
812 3896 866 3955 Sin
884 3917 956 3977 pag.
980 3903 1054 3965 984.
1084 3896 1262 3965 tedford&

160 3968 248 4034 Talis
263 3988 367 4037 antem
390 3978 444 4039 illa
459 3995 522 4055 est,
548 3981 652 4061 qualis
670 3980 810 4043 felicitas
826 3979 961 4060 Micylti
977 3982 1013 4039 in
1030 3982 1145 4055 Gallo,
1165 3982 1265 4065 sizar-

159 4048 196 4114 τᾶ
209 4053 280 4131 sotir
296 4055 416 4143 ὕπνους
427 4065 619 4149 ἐγγινομένη,
633 4072 758 4133 rorasse
770 4072 832 4139 τοῖς
847 4061 1076 4149 ὄνειρώπονσιν
1090 4068 1264 4157 inusserint
