2634 4680
303 298 908 357 ιι-ο-ιοιειιιοοιουι.
1082 290 1160 364 895

62 464 128 518 tnr'.
172 456 238 516 Aut
250 474 310 537 pro
322 445 415 528 ἆξοοῖν
429 444 665 533 restituendum
679 443 827 531 dgin'ctof
841 455 933 528 (uon
947 447 1051 537 ἆξίον,
1076 478 1161 542 quaa

61 563 130 601 vox
145 546 278 600 alterum
295 535 444 620 quidem,
467 534 556 617 quod
576 533 706 617 Guyetus
722 541 811 620 vult,
831 540 956 618 pretium
970 542 1039 604 scil.
1059 544 1160 626 signi·

62 626 159 686 ficare
174 636 299 705 potest,
321 632 523 702 nequassvaro
538 618 572 678 id
589 617 676 702 quod
693 623 784 680 locua
807 619 950 704 flagitat,
972 631 1162 690 aestimatio-

63 737 145 785 nem,
169 710 221 770 die
234 705 474 787 Wiirdigung).
492 746 496 755 .
517 704 586 761 Aut
598 707 745 763 lacunam
758 705 954 786 aliquantam
967 731 1072 770 sumas
1085 727 1163 793 pott
1208 749 1211 755 ·

62 801 196 877 αἵρεσιν,
221 813 282 873 qua
306 791 395 871 prior
414 784 573 847 exciderit
590 787 774 849 enuntiatio
791 788 1003 871 participialia
1022 794 1057 854 in
1077 795 1161 856 hanc
1220 804 1223 808 “

62 882 130 940 fere
151 876 363 939 sententiam:
386 873 577 936 -’ἒποιεῖνο
598 868 654 951 τὴν
673 874 805 954 αἵρεσιν,
834 875 1179 961 προαιρούμενος,

61 962 154 1037 τούς
176 954 393 1033 Στωῖνοῦς,
413 958 464 1020 καί
478 963 539 1019 τοῖν
553 950 732 1037 κρειττόνων
744 955 843 1045 ptam.
886 960 939 1018 Ex
961 963 1079 1043 quibua
1102 967 1161 1026 illa

61 1049 144 1108 mibi
157 1046 261 1108 levior
276 1065 311 1102 ac
324 1041 521 1121 simplicior,
546 1042 746 1123 omninoque
756 1041 974 1124 probabilior,
996 1049 1080 1108 ratio
1092 1062 1162 1112 ceso
1190 1084 1198 1093 =

61 1131 211 1202 videtur;
236 1146 333 1211 quum
347 1147 415 1187 vox
428 1121 619 1202 ἄξίοοιννοί
630 1146 696 1184 non
711 1128 878 1208 perspicue
893 1130 988 1204 satis,
1015 1136 1064 1192 vel
1078 1133 1160 1196 adeo

61 1212 311 1298 compendiosa,
335 1210 454 1290 scripta
468 1209 639 1270 incautum
660 1209 826 1271 librarium
844 1212 947 1272 facile
964 1215 1004 1271 -in
1016 1236 1161 1279 errorem

61 1301 212 1360 seducere
240 1295 394 1376 potuerit.
438 1293 544 1353 Aliam
572 1292 659 1353 viam
680 1294 709 1356 J.
730 1294 857 1378 Sergero
880 1296 1007 1379 ingredi
1036 1303 1163 1380 placuit

64 1385 164 1445 Class.
190 1382 302 1445 Journ.
319 1378 626 1459 V01.'x111..p.72.
649 1381 841 1465 conjicienti
863 1373 987 1460 α’ξιοῦν,
1019 1397 1052 1444 et
1075 1385 1164 1449 hunc

61 1470 232 1529 verborum
248 1462 393 1525 ordinem
411 1462 799 1546 πυρρούς-’διαλέγεσθαί
816 1488 893 1542 τινι,Ι
922 1462 966 1541 nic
986 1462 1092 1544 α’ξιοῦν
1110 1484 1165 1549 ruff

63 1562 187 1617 σπεῦσον
203 1546 249 1616 ὅτι
258 1545 438 1630 Ἑρμότιμος
452 1561 512 1612 etc.
556 1547 823 1608 Infelicissimum
839 1554 1071 1629 commentum!
1096 1574 1162 1635 quo

60 1634 324 1721 jungi'jubentur
342 1639 499 1697 πιστεῦσαι
511 1645 544 1692 et
566 1624 705 1708 clitorio„
720 1634 912 1716 longissimo
930 1633 1101 1698 intervallo
1122 1637 1161 1698 ab

62 1737 193 1782 auctore
208 1718 399 1796 dissocieta3
421 1731 459 1776 ut
472 1731 615 1786 taceam,
637 1714 822 1798 ambiguum
835 1719 882 1777 aie
897 1720 985 1799 fore,
1009 1741 1163 1800 quorsum

60 1814 122 1871 τῶν
134 1800 312 1885 κρειττόνων
327 1803 457 1863 referas.
501 1798 601 1881 Quod
621 1795 732 1880 oigpro
749 1798 820 1875 ὥςτε
832 1802 973 1882 positum
988 1805 1163 1886 &ager-m

62 1892 260 1974 Xenophonte
275 1885 502 1944 illustrandum
520 1886 665 1965 putavit,
688 1905 884 1963 supervacua
901 1887 967 1945 fuit
982 1887 1062 1948 haec
1078 1910 1164 1971 ope-

61 1997 95 2035 ra
104 2024 113 2051 ,
138 1996 235 2056 quum
251 1971 329 2031 haec
341 1971 520 2050 particulae
533 1982 675 2048 potestas
690 1968 815 2047 ubivis,
838 1985 870 2029 at
885 1971 920 2028 in
935 1987 1046 2032 nostro
1061 1975 1162 2056 scrip·

62 2076 150 2133 tore,
175 2055 262 2116 haud
276 2075 346 2113 raro
363 2067 528 2128 occurrat,
559 2073 663 2135 nequa
682 2053 832 2136 cuiquam
846 2054 881 2114 in
898 2071 1034 2118 mentem
1050 2059 1165 2122 venire

61 2145 167 2226 possit
181 2144 219 2202 ‹le
233 2160 268 2201 ea
286 2137 445 2199 dubitare.
469 2138 587 2200 Lanu.
782 2174 800 2188 ··
878 2178 882 2185 -

148 2226 262 2287 Euat.
282 2228 330 2290 15.
359 2223 634 2308 Τοιαῦτοίίγοντι)
657 2223 734 2283 Non
750 2225 881 2306 λέγοντο.
902 2225 1014 2288 Biton.
1125 2258 1130 2271 ι

149 2311 227 2371 End.
242 2314 263 2370 l.
281 2316 331 2374 16.
366 2306 618 2381 Oicbo)¹Stare
643 2307 705 2368 hoc
727 2310 858 2368 verbum
879 2307 1019 2370 hicnon
1043 2325 1163 2394 potest.

64 2395 169 2458 Credo
199 2395 355 2474 scriptum
380 2394 482 2454 fuisse
505 2395 586 2467 ἴσθι,
608 2398 676 2453 *vel
697 2384 861 2474 potiusni
878 2397 974 2471 loth,-
1000 2411 1038 2456 ut
1057 2399 1166 2459 Prom.

63 2481 181 2541 Verbb.
199 2500 267 2560 cap.
288 2484 318 2545 5.
334 2477 395 2556 (ί)
414 2494 447 2538 et
469 2477 548 2535 alibi
569 2479 697 2557 passim.
722 2478 848 2539 Sosin.
891 2479 994 2559 Quem
1017 2485 1123 2541 locum
1145 2502 1166 2543 ο

66 2563 231 2626 Prometh.
253 2563 287 2620 in
312 2562 431 2624 Vetbb.
454 2562 537 2644 (Πρ.
555 2569 580 2623 l..
595 2561 750 2643 citatum)
772 2561 858 2621 dicat
876 2563 1021 2640 Solorius,
1045 2566 1166 2631 nescio.

62 2652 179 2728 Neque
197 2667 273 2705 vero
299 2666 380 2725 opus
397 2660 480 2720 erat,
510 2659 547 2703 ut
561 2646 697 2703 formula
721 2645 887 2705 notissima
905 2647 959 2705 his
979 2648 1164 2731 ambagibua

64 2737 289 2793 illustraretur.
332 2729 377 2786 At
399 2749 482 2813 nego
506 2726 655 2808 equidem
683 2729 873 2809 imperative
893 2730 924 2790 h.
948 2735 970 2795 1.
993 2734 1167 2794 Hermoti-

64 2838 150 2878 mum
167 2814 260 2895 loqui
274 2813 434 2890 voluiac03
458 2834 519 2894 qua
537 2813 637 2871 forma
659 2806 833 2872 indicasset
850 2836 914 2873 rem
930 2815 1061 2891 Lycin'o
1077 2838 1168 2877 uon·-
1242 2868 1245 2874 .

65 2902 141 2960 dum
157 2915 284 2973 notam,
305 2900 357 2956 vel
381 2896 525 2957 nondum
549 2911 674 2960 certam,
717 2897 789 2955 Imo
807 2918 883 2957 vero
905 2896 1083 2962 indicativa
1098 2922 1165 2963 rem

61 2983 237 3070 proponit,
260 2995 298 3040 ut
313 2981 390 3039 satia
404 2986 467 3062 jam
485 2977 617 3060 Lycino
639 2981 821 3062 cognitam,
854 3002 919 3064 quo
942 2983 1090 3043 ostendat
1114 2985 1168 3045 ai-

62 3074 149 3139 mul‚
182 3087 215 3124 se
237 3086 304 3124 non
326 3062 472 3144 decipere
492 3064 767 3141 illum'voluissa,
799 3086 896 3148 quum
919 3086 983 3126 rem
1008 3068 1165 3144 tacueris,

64 3175 157 3236 quam
176 3152 230 3211 ille
247 3170 303 3230 per
321 3170 354 3209 ae
368 3152 458 3210 sciat.
499 3145 577 3214 'All’
592 3144 685 3213 οίσθα
704 3165 809 3214 verte:
842 3151 911 3212 Sed
923 3156 1002 3213 nocti
1021 3156 1113 3229 (vel,
1137 3153 1167 3213 ai

66 3239 183 3311 mavis,
208 3256 279 3292 cum
296 3232 438 3309 Gesnero,
469 3238 578 3314 paullo
594 3233 764 3296 urbanius:
791 3236 844 3297 aed
864 3238 984 3315 nor-is),·
1015 3237 1056 3297 du
1077 3241 1169 3298 wda-

63 3339 120 3384 sest
135 3327 168 3400 jo
187 3319 273 3379 doch.
318 3319 529 3380 Recentiorec
543 3319 753 3401 interpretes,
777 3320 927 3383 aSolcno
942 3320 1090 3404 decepti,
1113 3321 1169 3382 ab·

65 3417 220 3467 errarunt.
246 3405 365 3465 Lrnm.
922 3421 926 3428 ·

148 3491 289 3569 Pugna
307 3492 327 3551 l.
345 3497 376 3555 3.
397 3483 529 3575 ’13va93
544 3486 689 3572 κουρίας)
717 3489 775 3552 Ad
796 3506 891 3552 cutem
915 3506 1025 3555 tonsos.
1054 3490 1188 3552 Ῑίοοι).Ι

67 3576 201 3635 Strictim
223 3589 366 3633 attonsus.
395 3572 494 3637 Plano.
520 3572 612 3653 Capt.
637 3579 728 3651 cujus
752 3571 929 3648 ἀντίθετον,
954 3600 1007 3658 per
1024 3579 1171 3659 pectinem

65 3676 208 3718 attonsus.
253 3651 373 3739 Ἐγκυτί
388 3659 594 3740 κεκαρμένους
606 3658 804 3723 Archilocho.
848 3656 922 3720 Hoc
938 3680 1038 3741 genus
1056 3676 1171 3721 tonsu·

67 3765 121 3800 rae
146 3744 279 3821 σκαφίον
301 3739 467 3819 dicebant,
503 3742 556 3800 cui
579 3749 695 3822 κῆπος,
726 3749 777 3804 vel
801 3748 914 3823 κηπίον
935 3742 1195 3824 opponebatnn'

66 3828 120 3884 De
139 3827 254 3905 quibus
270 3826 346 3886 vide
363 3826 520 3909 Aristoph.
536 3825 644 3887 Schol.
662 3829 701 3885 in·
712 3827 855 3907 Avibus,
879 3842 913 3888 et
933 3826 978 3889 Η.
995 3825 1172 3891 Iunium'do

68 3930 158 3969 coma
177 3929 203 3972 c.
220 3918 251 3975 6.
275 3909 360 3970 Vide
378 3925 410 3969 et
423 3909 566 3991 Lexiph.
581 3931 608 3971 c.
622 3915 653 3978 6.
675 3911 807 3975 Voasr.
850 3910 937 3973 Vide
954 3927 1022 3976 not.
1037 3911 1077 3973 ad
1101 3911 1171 3975 Vit-

69 4009 152 4054 auct.
178 4014 204 4054 ο.
222 4002 272 4058 20.
297 3996 425 4056 Sonare.
466 3987 710 4078 Ἐνχρωκονρίος
730 4018 794 4056 una
817 4016 899 4057 voco
924 3994 1026 4074 Guyet.
1049 3993 1172 4058 scribit.

70 4077 276 4154 Adsentirer,
298 4078 327 4137 ai
352 4080 521 4160 probaret3
552 4101 612 4141 neo
634 4081 721 4142 enim
743 4080 1020 4148 ridiculum-adeo
1040 4098 1107 4160 est,
1135 4092 1176 4141 ut
