2634 4680
156 264 235 339 &4
420 274 1003 353 norornrroune

158 428 245 491 nibil
259 424 365 489 sdbuc
376 436 507 502 mutem,
530 434 663 504 propter
678 420 838 481 continno
851 422 1078 505 praemissum
1092 420 1250 487 inLucius

158 518 258 599 πολιῇ
267 516 325 597 βοῇ
336 504 494 592 χρώμενοι.
539 506 682 569 Clamori
701 504 786 565 enim
799 504 856 567 bic
870 504 951 569 bene
967 504 1163 590 respondet
1175 508 1251 587 Ecba,

160 612 194 661 et
208 598 361 658 usitatum
377 590 542 655 historicis
559 588 706 651 clamoris
717 588 813 651 istius
828 602 1046 675 antepugnac
1059 594 1254 675 repercussit-

161 702 234 745 ηοω
250 696 505 745 commemorare.
526 677 652 739 Rnrrn.
693 672 728 735 Si
740 694 815 736 vere
834 674 1069 759 Wesselingn‘us,
1087 690 1132 737 ut
1145 674 1253 741 Ratun

161 766 275 839 reicrt,
299 756 412 845 ἀντέχει
434 761 558 834 voluit,
580 793 625 807 -
645 779 717 821 num
737 762 807 840 ejus
820 758 974 821 Diodoms
988 759 1192 823 mihi-nunc
1212 784 1254 823 nn

163 861 212 909 est
228 840 268 907 ad
290 866 404 906 munus
424 879 466 891 -
489 844 575 905 nibil
597 842 763 903 infelicius
778 858 811 903 et
827 843 984 903 insulsius
1007 846 1176 927 profecto
1190 868 1256 909 exn-

162 930 261 1015 gitari
276 928 404 1011 potuitt
427 929 485 1005 its,
499 943 537 988 ut
549 932 618 1010 ju're
633 925 714 986 mibi
728 925 888 1007 conjicere
902 925 1033 1009 videar,
1058 930 1152 991 false
1165 930 1257 993 Reitn'·

163 1039 214 1079 nm
237 1018 290 1075 vel
309 1012 446 1090 vidisse,
469 1017 522 1075 vel
540 1009 720 1075 tradidisse.
764 1007 866 1086 Κότυς
887 1024 1017 1089 autem,
1042 1012 1146 1097 quod
1165 1014 1257 1079 Wese-

163 1098 274 1181 lingius
290 1102 423 1176 mavult,
446 1096 572 1181 egregie
585 1094 714 1177 quidem
732 1116 804 1155 cum
819 1088 939 1177 ἀντήχει
951 1096 1140 1180 convenit,
1153 1114 1199 1163 -et
1210 1122 1256 1161 css

163 1196 236 1243 toto
252 1186 346 1260 loco,
371 1180 433 1257 ita,
455 1195 494 1241 ut
509 1180 604 1243 etiam
620 1176 806 1241 Schmiedero
818 1200 853 1241 ea
867 1179 1008 1241 mutatio
1028 1182 1195 1251 arriserit.
1217 1186 1258 1247 tls

164 1287 227 1351 que
240 1280 347 1327 tamen
363 1264 437 1327 ideo
453 1269 616 1348 vulgatum
631 1263 821 1335 lectionem,
842 1278 875 1325 et
892 1264 996 1345 ipsam
1015 1264 1161 1347 bonnm,
1184 1283 1228 1347 st,
1243 1268 1271 1329 i·

165 1363 253 1413 recto
267 1352 386 1425 centio,
409 1348 502 1411 etiam
519 1347 728 1429 lepidiorem,
752 1345 955 1409 <lucrandam
973 1370 1120 1413 censeo.
1139 1354 1249 1416 'Lm

251 1434 500 1517 Pag.270.1.s.
523 1430 659 1499 Munna
678 1424 741 1513 civ)
769 1430 969 1515 Quamquam
1003 1434 1058 1495 sio
1080 1438 1189 1499 etiarm
1206 1436 1261 1500 lessi

167 1518 287 1601 poscit,
309 1518 417 1579 runlim
432 1512 576 1583 insincero
594 1507 646 1581 siv.
668 1516 793 1581 sonan.
836 1517 947 1579 Securi
962 1532 1048 1579 sunt
1063 1520 1174 1585 Rene
1191 1522 1261 1607 Bipp

168 1616 201 1663 et
216 1602 316 1667 Sciam.
330 1624 390 1667 neo
410 1623 470 1687 ego
492 1601 585 1685 sequi
606 1600 737 1678 dubito,
759 1623 855 1685 quum
878 1599 993 1665 Codex
1010 1602 1119 1673 Gorl.
1136 1614 1264 1691 prscclt·

115 1783 119 1793 .
167 1706 234 1747 nm
248 1685 848 1851 t:Rodii,eiiu9m“illidideficiddedith-siilinriat'qni
860 1791 955 1844 mox,
976 1788 1120 1853 praeter
1136 1776 1265 1861 remiget,

170 1851 384 1939 quadraginta
409 1871 546 1917 armatos
569 1852 692 1917 audies.
743 1853 846 1915 Audis
865 1856 962 1915 etiam
983 1854 1047 1918 hic
1069 1860 1190 1923 statim
1209 1876 1266 1945 post

171 1959 337 2000 numerum
357 1945 517 2022 prolatum
539 1938 656 2005 τούτων
668 1938 772 2005 cleto.
792 1952 831 1998 nt
851 1959 979 2001 necesse
998 1941 1071 2015 sit,
1095 1950 1266 2029 majorem

170 2020 310 2087 Lucieno
329 2024 432 2087 fuisse
450 2025 619 2106 scriptum,
643 2044 738 2106 quem
759 2022 855 2085 Lxx
874 2022 978 2087 fuisso
996 2026 1179 2093 existimo.
1220 2028 1267 2093 sal

171 2126 222 2168 res
236 2107 332 2168 nihili
353 2110 450 2171 estin
473 2109 532 2171 tali
546 2108 640 2171 libro.
661 2110 789 2173 som.
832 2110 944 2172 Εἴκοσι
962 2110 1019 2175 nni
1041 2112 1164 2179 incede
1181 2112 1267 2179 edidit

173 2189 273 2253 Scbm.
288 2214 306 2255 e
320 2191 423 2261 Codd.
439 2198 533 2262 2954.
548 2207 581 2255 et
594 2200 686 2262 3011.
701 2192 779 2255 satis
793 2191 1016 2272 probabiliter.
1048 2196 1180 2265 hnic.

256 2276 330 2359 Pog-
346 2281 456 2346 2711.
476 2287 504 2344 1.
527 2276 709 2361 Σταόιαῖον)
731 2276 785 2337 Sic
797 2284 939 2358 πηχυαῖοι
960 2298 1064 2360 supra
1083 2304 1114 2347 c.
1127 2290 1186 2351 22.
1200 2275 1268 2365 etq‘·

171 2365 381 2505 Ἑσταδιαίους
395 2360 460 2425 boc
482 2361 554 2429 eod.
573 2382 644 2447 cap.
665 2362 787 2428 Retro.
831 2360 914 2427 Vide
932 2364 1165 2431 tamensVnrr.
1177 2368 1268 2433 hest.

204 2466 291 2509 narsi.

256 2528 336 2591 Eud.
352 2532 375 2591 1.
383 2538 415 2601 8.
439 2536 511 2614 Πῦρ
524 2523 584 2614 ἦν)
607 2530 732 2595 Homer.
747 2533 788 2596 11.
802 2540 846 2610 Ε,
864 2538 896 2601 «1.
917 2532 1052 2595 socru.

256 2613 336 2677 End.
352 2618 377 2680 l.
390 2620 422 2686 6.
442 2612 484 2682 ‘0
504 2614 633 2701 ἄνεμος)
656 2617 764 2703 Vulgo
785 2614 894 2702 ἄνεμος
906 2616 978 2681 sine
994 2618 1168 2703 articulo,
1192 2644 1269 2709 quen
1304 2607 1309 2673 Ι

173 2695 374 2759 restituimur
388 2723 429 2765 ex
444 2704 511 2763 Ms.
526 2704 606 2785 Reg.
622 2710 716 2773 3011.
739 2704 813 2765 Bru.
904 2776 907 2785 Ι

181 2827 187 2842 .
259 2782 338 2847 Eud.
353 2788 377 2847 l.
393 2794 423 2856 6.
441 2778 502 2869 Ἦ)
523 2788 560 2850 P.
577 2788 617 2849 L·
630 2802 663 2849 ct
676 2786 735 2852 Ed.
748 2788 831 2850 Junl.
853 2787 893 2849 In
908 2785 1046 2871 reliquit
1064 2786 1110 2855 οἷ,
1157 2790 1272 2855 Alludit

176 2862 217 2925 ad
232 2866 360 2929 Homeri
373 2875 479 2931 locum
498 2872 533 2932 iu
546 2871 688 2954 margine
703 2871 920 2954 designatum,
945 2876 1176 2953 qucmZoiltrs
1190 2880 1272 2941 elin

82 2996 86 3003 -
175 2968 353 3033 carpserat,
375 2956 546 3017 immerito.
568 2952 664 3033 (Vid.
679 2955 822 3039 Didym.)
850 2956 979 3019 Sonnrr.

259 3036 339 3099 Εαᾶ.
352 3041 373 3099 l·
390 3046 439 3106 12.
458 3036 686 3125 Ἑκβληθεῐσαι)
709 3040 776 3122 Qui
795 3038 956 3102 dissolutae
966 3040 1185 3125 interpretati
1196 3058 1272 3123 culti,
1316 3097 1317 3104 1

174 3118 325 3203 legebant
338 3120 387 3181 illi
403 3124 488 3186 forte
502 3127 690 3199 inludamur,
713 3123 799 3207 quod
814 3130 971 3207 placeret,
993 3122 1023 3185 si
1038 3126 1075 3187 iu
1091 3130 1182 3193 libro
1197 3130 1275 3193 invo-

176 3205 288 3265 nirem.
317 3206 362 3264 Et
377 3206 496 3283 fateor,
519 3231 569 3271 me
585 3229 651 3270 nuu
670 3207 803 3285 babere,
827 3209 884 3290 qui
895 3210 1089 3291 ἐκβληθῆναι
1105 3212 1174 3279 hoc
1188 3235 1273 3280 sensu

177 3284 313 3362 dixerit,
339 3310 404 3371 quo
419 3290 475 3350 hic
492 3314 573 3374 opus
588 3307 644 3354 e'st.
689 3294 805 3373 Itaque
817 3292 1016 3374 analogiam,
1040 3310 1075 3356 et
1087 3300 1160 3361 vim
1174 3301 1274 3383 ςῆςὶι,

177 3392 270 3447 quam
292 3371 390 3435 habet
409 3374 505 3435 etiam
526 3374 716 3437 intendendi
742 3390 839 3459 atque
859 3375 1019 3459 ungendi,¹
1040 3397 1180 3445 securus
1201 3406 1272 3447 num.

177 3455 281 3520 Gran.
324 3458 459 3518 Rectius
478 3460 514 3519 in
531 3459 634 3521 tribus
651 3459 754 3521 Codd.
768 3460 887 3545 legitur
906 3464 1122 3547 ἐμβληθεῖσαι,
1144 3461 1233 3553 quud
1245 3480 1274 3529 sl

176 3538 380 3602 Scbmisderus
394 3547 560 3624 amplexus
575 3559 633 3605 est.
656 3547 776 3606 Lrnrn.

262 3624 340 3706 Peg·
357 3632 428 3693 272.
446 3630 467 3692 l.
483 3636 514 3699 6.
538 3625 712 3715 Σπόγγοις)
736 3628 927 3709 corruptam
945 3624 1031 3691 banc
1052 3636 1174 3697 vocem
1195 3634 1273 3699 arbi-

177 3722 260 3783 tror,
283 3709 339 3770 sed
361 3709 440 3791 quid
465 3734 617 3793 reponem
638 3712 758 3775 nescio.
803 3714 874 3775 Nec
890 3735 939 3774 res
959 3714 1046 3775 tsuti
1064 3732 1126 3779 est.
1152 3720 1274 3783 ὅσω.

180 3788 260 3856 Gisb.
275 3792 370 3853 Koen.
384 3792 423 3852 ad
442 3793 561 3878 Gregor.
579 3797 617 3858 de
629 3798 717 3858 Dial.
734 3819 764 3878 p.
779 3805 829 3865 64.
844 3796 1038 3879 conjiciebat
1050 3798 1198 3887 κόποις,
1216 3826 1275 3865 uo.

177 3886 266 3935 tante
282 3876 398 3942 Boline.
443 3879 505 3955 Sed
521 3881 606 3942 nihil
622 3904 704 3963 opus
718 3882 908 3943 mutatione.
933 3884 1006 3949 Brr.
1050 3885 1126 3947 Neo
1143 3888 1274 3953 driedon-

179 3956 262 4034 dius,
284 3981 343 4019 nec
358 3962 534 4049 Schoqferns
556 3964 697 4047 denique
719 3964 758 4027 ad
785 3966 920 4049 Gregorii
931 3970 1039 4030 locum
1052 3969 1144 4031 lund.
1161 3972 1294 4057 genui.

179 4060 252 4105 naus
270 4064 382 4109 vocem
404 4046 589 4113 mutandam
614 4064 757 4115 censent.
802 4048 934 4135 Quippe
947 4052 1272 4143 spongiiscndiwi·
