2634 4680
319 306 520 354 suzanna
547 304 615 349 var.
643 303 871 351 surrocrrurr.
1080 286 1155 359 497

62 454 142 538 quid
166 452 296 516 videtur
320 449 501 511 adtendisse
520 449 698 530 Obsopoens.
725 449 833 509 Gnou.
883 454 948 512 Tciv
969 456 1101 533 νεογνοῖν
1116 449 1153 514 Ρ.

61 557 93 602 et
108 542 150 601 L.
193 540 233 598 In
254 537 386 617 reliquis
403 557 500 615 prave
520 534 639 615 legitur
653 531 687 596 cti
700 530 835 615 νεογνόν.
859 532 984 597 Socau.
1028 534 1156 618 Quodsi

61 645 159 705 prave
173 628 300 704 legatur
315 619 349 684 τὸ
363 617 506 700 νεογνὸν,
530 639 597 678 non
614 616 712 677 video
728 632 852 693 tamen,
875 617 952 700 quid
969 617 1003 677 in
1017 627 1076 683 cciv
1091 646 1157 685 vro·

59 715 142 793 γνῶν
158 706 371 787 praestantius
395 702 559 763 habeatur.
604 701 640 763 si
657 714 778 762 attente
800 701 872 782 quis
889 700 1030 765 Gronovii
1045 704 1157 779 obser-¹

62 793 224 853 vationem
247 789 380 871 legerit,
402 786 579 868 seduloque
600 783 638 844 ad
659 801 781 846 textum
802 790 965 868 vulgatum
989 809 1157 869 οοιτψοτο-Ι

61 878 162 950 verit,
187 875 244 933 vix
264 874 344 949 erit,
368 871 502 950 opinor,
528 869 614 951 quod
639 870 777 952 eleganti
797 885 827 929 et
846 882 940 928 acuto
953 871 1014 929 viri
1031 873 1157 954 judicio

62 962 202 1043 graviter
221 970 414 1035 opponatur.
457 956 591 1015 Sensum
608 969 692 1015 certe
703 955 836 1014 Lucioni
846 975 916 1013 eum
932 970 1016 1014 recte
1033 958 1157 1039 attigis-¹

62 1068 112 1122 se,
136 1063 228 1103 neruo
242 1041 338 1099 facile
354 1037 533 1117 dubitabit,
555 1040 635 1098 licet
649 1037 687 1097 de
703 1038 781 1118 ipsis
796 1038 901 1097 verbis
923 1040 1158 1121 constituendis

62 1130 96 1187 in
116 1129 208 1187 aliam
231 1122 394 1183 discedere
415 1122 519 1202 possis
544 1122 746 1184 seutentiam.
793 1120 995 1202 Quapropter
1007 1139 1040 1183 et
1056 1125 1161 1201 inter„

62 1226 167 1294 pretes
194 1209 350 1283 Gesner-ns,
371 1207 496 1268 Balissus
510 1222 543 1268 et
564 1205 750 1269 Wielondius
773 1204 917 1267 Gronouii
932 1206 1160 1287 rationem-ac:

64 1311 172 1357 curate
196 1294 298 1354 secuti
328 1307 414 1355 sunt.
464 1290 535 1351 Nos
557 1312 653 1367 vero,
681 1290 757 1372 quia
778 1291 875 1351 etiam
894 1290 989 1350 aliter
1005 1290 1161 1355 Larianus

63 1379 194 1441 eandem
209 1400 274 1439 rem
284 1378 478 1458 'expressisse
497 1378 604 1457 putari
618 1390 741 1455 potest,
764 1374 860 1445 verba
875 1375 952 1435 olim
968 1379 1095 1455 vulgaga
1112 1398 1160 1455 re,-

64 1466 169 1525 tinero
191 1463 291 1522 satius
305 1460 466 1539 duximus.
513 1460 660 1521 Ceterum
682 1456 770 1541 quod
792 1460 844 1523 καὶ
863 1465 950 1524 τοῦτο
965 1480 982 1518 a
999 1458 1160 1521 Benedicta

63 1550 103 1607 sd
129 1548 297 1628 sequeutia
328 1540 456 1625 potius,
488 1566 583 1626 quam
608 1542 648 1604 ad
676 1542 916 1625 praecedentia,
948 1546 1083 1621 relatum
1102 1559 1160 1625 est,

64 1636 184 1692 facturn
203 1629 237 1690 id
253 1635 345 1711 culpa
367 1646 510 1701 veterum
529 1629 741 1704 Editionum,
766 1628 801 1686 in
820 1627 937 1709 quibua
953 1627 1103 1689 omnibus
1123 1648 1161 1705 ac

61 1716 200 1800 singulis
218 1729 293 1795 post
306 1740 347 1793 φο
373 1710 445 1794 ερόν
460 1718 556 1792 plffle
568 1711 756 1771 distinctum
773 1712 879 1772 video.
901 1713 1021 1773 Lnrrar.
1146 1778 1149 1783 ¹

147 1799 226 1860 Ean.
243 1804 266 1858 1.
280 1808 329 1865 11.
355 1804 403 1859 Εν
414 1805 476 1884 χρῷ
498 1831 536 1845 -
559 1793 809 1878 προςιστᾶμενοτ)
830 1796 901 1855 Etsi
915 1795 1115 1879 praepositio
1128 1794 1163 1865 ἓν

62 1887 119 1945 hic
135 1885 192 1944 vix
207 1881 315 1942 abesse
334 1897 447 1960 queat,
472 1878 594 1940 accedit
608 1895 713 1938 tamen
728 1877 769 1937 ad
783 1883 998 1959 pleonasmum
1007 1923 1018 1951 ,
1042 1880 1080 1943 da
1096 1902 1162 1963 quc

63 1971 154 2030 Dial.
170 1966 313 2044 praeced.
340 1963 499 2024 Herodot.
516 1984 585 2043 cap.
603 1968 635 2030 5.
654 1960 694 2021 ad
710 1962 806 2024 verba
825 1968 985 2039 παίζουσιν
1001 1967 1033 2028 ἐν
1048 1961 1161 2045 dnicae,

63 2052 214 2113 diximus.
238 2049 360 2113 Ruina.
404 2047 496 2123 vide,
512 2047 623 2129 potius
643 2044 753 2109 adnot.
767 2046 805 2105 ad
820 2049 967 2113 Hermot.
982 2071 1009 2109 c.
1027 2053 1058 2118 5.
1076 2048 1163 2129 undp

61 2134 187 2217 patebit
207 2131 292 2193 nihil
311 2131 367 2193 hio
388 2152 456 2194 esse
479 2130 672 2215 pleonasmi,
701 2131 766 2193 nisi
791 2132 891 2215 ipsam
912 2132 1026 2196 Reinti
1043 2149 1163 2207 notam.

61 2223 181 2282 Lunai.
1121 2222 1152 2295 ,·'.

150 2303 225 2385 Pag·
244 2310 315 2371 136.
338 2305 360 2366 l.
377 2309 408 2370 6·
436 2302 587 2385 Περίβαίε
607 2337 651 2349 -·
670 2301 724 2365 καὶ
742 2294 914 2384 cincinnatos)
942 2299 1052 2365 Unum
1075 2300 1165 2375 adla-

63 2388 176 2472 quitur
198 2387 410 2467 discipulum,
435 2402 540 2447 tamen
559 2386 717 2470 singulari
731 2400 764 2447 et
783 2386 901 2468 plurali
924 2409 1054 2451 numero
1068 2390 1165 2451 simul
1219 2462 1224 2469 .

62 2475 185 2547 utitur,
210 2469 338 2533 dicens:
360 2468 415 2556 dyc
430 2476 591 2543 Μικκίων,
612 2476 750 2555 περίβαλε
763 2470 820 2551 τὴν
836 2467 956 2549 εἰκόνα,
979 2475 1039 2539 καί.
1051 2467 1166 2558 ipsius.-

63 2584 113 2623 νοι
134 2553 339 2637 ἀποκομίζετε.
391 2557 538 2617 Hoccine
562 2553 745 2620 desiccatos·
776 2555 1018 2619 involutiones
1040 2560 1166 2647 afferte.

64 2645 120 2703 De
141 2641 272 2703 Graecis
293 2662 422 2701 securus
454 2639 622 2720 Obsopoeus
642 2656 814 2722 utrumque
847 2642 1004 2724 singulari
1031 2652 1165 2719 nunper'p

66 2723 225 2801 reddidit,
248 2749 317 2806 nge,
339 2749 427 2806 puer,
450 2723 613 2785 inuolutam
623 2728 774 2805 picturam
786 2723 879 2810 casser.
925 2724 987 2799 Sed
1005 2747 1045 2785 an
1061 2742 1167 2809 postq-

66 2813 152 2871 riora
170 2808 204 2866 in
221 2811 415 2891 singularem
430 2822 525 2867 erunt
540 2807 710 2882 mutanda,
734 2811 785 2867 vel
799 2828 975 2887 pronomen
990 2804 1077 2889 ὑμεῖς
1088 2827 1168 2874 ante

65 2892 217 2976 ἀράμενοι
236 2891 394 2955 excidisse
417 2890 615 2952 dicendum?
645 2893 738 2974 quia,
759 2906 931 2972 postquam
957 2912 1056 2955 unum
1082 2916 1168 2976 pue·

65 3002 136 3041 1um
156 2978 322 3039 involvere
344 2978 498 3057 picturam
519 2979 670 3057 jusserat,
692 2974 767 3038 dein
785 2996 957 3037 conversus
980 2976 1021 3037 ad
1042 2994 1167 3051 ceteros

69 3063 204 3124 dixerit:
228 3077 260 3123 et
272 3082 330 3123 vos
346 3083 414 3122 eam
424 3059 558 3131 ,domum
573 3062 715 3139 auferte,
738 3060 860 3143 quippe
873 3081 954 3143 quae
970 3067 1071 3144 major
1087 3078 1165 3139 crat,

64 3167 165 3229 quam
180 3160 218 3205 ut
232 3145 269 3204 ab
286 3167 354 3206 uno
371 3143 537 3219 commode
554 3146 676 3226 portari
690 3160 808 3228 posset.
842 3145 887 3205 At
899 3160 1006 3228 potest
1020 3142 1106 3228 ὑμεῖς
1119 3146 1168 3222 sic

66 3252 125 3313 per
141 3251 174 3291 se
190 3233 267 3289 satis
283 3229 439 3315 intelligi,
461 3228 535 3292 ideo
550 3229 635 3290 nibil
651 3246 760 3304 muto,
784 3230 862 3315 quin
877 3236 929 3292 vel
946 3230 1016 3293 sine
1027 3231 1168 3303 transitu

65 3317 115 3376 sic
133 3328 240 3394 potest
263 3313 383 3393 accipi,
405 3329 443 3373 ut
458 3337 557 3375 unum
580 3315 711 3375 nomine
734 3335 853 3379 vocans
868 3315 897 3375 ei
913 3313 1009 3375 simul
1025 3315 1166 3391 mandet,

69 3399 149 3482 quid
163 3398 202 3457 ab
219 3419 268 3473 eo,
286 3397 364 3479 quid
377 3397 416 3457 ab
431 3400 564 3481 reliquis
581 3397 650 3459 fieri
666 3397 754 3475 velit,
767 3396 907 3479 ideoque
922 3420 1054 3477 comma,
1074 3396 1168 3482 quod

68 3486 104 3543 in
123 3485 220 3548 Paris.
239 3497 315 3563 post
336 3483 439 3547 εἰκόνα
461 3498 543 3559 erat,
567 3484 710 3560 servavi,
733 3482 823 3566 quod
846 3482 942 3545 Snlm.
958 3482 993 3541 in
1008 3484 1166 3564 puncturis

67 3568 222 3627 mutavit:
246 3565 280 3626 id
298 3588 373 3627 vero
389 3568 415 3627 si
435 3569 507 3651 quis
523 3568 725 3648 praetulerit,
740 3582 777 3627 ut
792 3587 940 3627 novuma
956 3569 1008 3633 sci
1020 3559 1168 3651 cipcipqnos

67 3651 253 3713 mandatum
270 3651 425 3731 incipiat,
450 3666 558 3733 potest
572 3652 725 3732 recipere.
768 3652 828 3711 Est
843 3666 948 3713 tamen
966 3652 1091 3715 locutio
1112 3676 1167 3715 rtr-

67 3736 147 3808 τίοι,
158 3756 218 3796 uec
236 3735 393 3816 permittit
406 3750 531 3816 tempus
546 3757 614 3797 eam
629 3735 785 3815 exemplis
795 3733 967 3797 adstruere.
989 3736 1063 3795 Alia
1079 3736 1166 3803 eniri

66 3821 212 3902 enallage
225 3835 272 3881 est
285 3819 364 3880 haec
371 3821 586 3903 Aristophanis
592 3820 678 3878 Plut.
685 3815 866 3899 dii-saiz
873 3816 947 3897 ἕξεις
959 3812 1024 3885 οὔτ’
1038 3823 1167 3904 issum

69 3906 288 3984 καταδαρθεῖν,
312 3900 348 3971 oti
380 3903 419 3988 dp
433 3908 567 3971 ἔσονται·
589 3902 659 3963 Νοκ
674 3903 774 3965 licebit
789 3903 845 3965 tibi
858 3905 890 3964 in
903 3902 1015 3983 lectulo
1027 3904 1164 3985 domiin-e,

67 3991 222 4048 nonenim
233 4003 333 4065 erunt,
353 3930 567 4072 (aciblecti).
606 3988 822 4070 Evanglnsc.
839 3986 924 4065 v,4.
945 3988 1061 4074 ἔκτανέν
1099 3993 1168 4067 τίς

67 4068 103 4139 ni
122 4066 238 4154 βάθος,
255 4072 471 4165 ,καίτνίοίσαττ
482 4072 520 4143 τὰ
535 4076 643 4143 δίκτυα
655 4068 751 4156 ὑμεῖν.
775 4075 839 4171 Ἐκ
850 4072 974 4219 Aequis.
992 4018 1164 4147 variitiss

102 4174 216 4225 Lucina.
236 4171 297 4227 Vsl.
315 4175 369 4226 17.
946 4180 958 4218 Ι
1122 4168 1128 4177 ’

10 4526 27 4547 Ι,
148 4550 153 4561 ι
