2634 4680
182 271 258 341 398
450 282 1018 351 nnncrnrronns

182 433 250 496 loci
265 430 367 493 verbis
384 431 428 493 cf.
444 428 569 513 Catapl.
584 449 612 492 c.
627 433 680 499 22.
698 420 722 508 ἢ
742 430 787 514 τῷ
805 427 922 515 διαγνῷ
938 426 1077 514 (drapum
1091 426 1228 511 RQ)
1239 454 1295 511 ue

86 558 90 573 =
184 522 319 586 ἐνταῦθα
334 517 361 579 εἰ
372 530 431 580 etc.
453 515 574 575 Lean.
780 552 783 559 .

269 601 342 682 Peg.
359 607 409 666 29.
425 602 446 660 1.
461 607 491 666 6.
506 594 552 662 Ὃ
565 596 595 662 δὲ
609 592 886 681 βοίίομαιείπείν,
907 596 994 665 τοῖόν
1004 600 1037 665 δέ
1048 600 1145 676 ἔστιν,
1168 592 1232 685 οὔχ
1246 598 1293 669 ὅτι

181 694 238 768 τῆς
251 682 373 768 γνώμης
387 690 449 747 τοῖν
464 677 585 764 dvipoiv
598 685 685 762 ἔρωτι
698 677 841 765 nesciere
857 679 980 760 nimie)
1012 682 1195 747 Immodice
1206 686 1293 771 „Op-

183 796 320 854 sopoeus‚
344 773 403 828 nisi
415 773 490 828 enim
503 793 550 827 me
551 767 644 851 fallit
656 770 786 844 animus,
812 766 872 828 sule
885 768 1029 850 quiddam
1041 786 1100 847 est,
1125 770 1215 855 quod
1227 770 1292 835 dic-

182 875 266 917 turus
284 880 357 927 sum,
370 856 507 912 nimirum
521 868 548 912 te
560 851 716 934 parandae
728 867 755 910 et
772 851 956 932 colligendae
967 857 1131 936 sapientiae
1147 856 1291 938 cupidine

184 966 250 1002 cum
262 937 429 998 istiusmodi
445 941 517 997 uiris
531 938 706 997 conuersari.
750 932 897 998 Absurde
913 938 1090 1023 Benedictus
1109 936 1146 999 ei
1158 956 1291 1021 praeter

184 1025 315 1094 Graeca,
328 1020 496 1081 istiusmodi
510 1037 606 1081 nutem
621 1035 673 1098 est,
691 1019 771 1103 quod
784 1019 967 1097 velocium,
978 1047 1036 1083 non
1050 1023 1148 1083 solum
1164 1030 1290 1107 sapien-

182 1113 243 1183 ¹tiae
256 1110 384 1166 virorum
400 1106 520 1167 illorum
534 1129 633 1165 umore
646 1121 750 1186 captus
762 1109 841 1185 ipsos
856 1104 993 1181 adivisti,
1016 1105 1111 1167 sedin
1126 1131 1197 1191 sap.
1245 1113 1289 1173 At

181 1184 340 1274 particula
362 1187 416 1270 οὐχ
436 1205 484 1249 est
507 1188 561 1247 hic
577 1188 763 1267 accipienda
786 1210 843 1270 per
859 1186 1164 1273 interrogetionem3
1190 1200 1286 1277 cujus

181 1290 291 1336 notem
307 1296 377 1334 cum
393 1273 589 1355 subjecerint
604 1271 681 1332 huic
695 1271 830 1353 periodo
852 1273 1067 1351 Basileenses‚
1091 1280 1154 1357 qui
1172 1280 1288 1357 potuit

182 1358 300 1420 eisdem
316 1363 441 1440 placere
463 1356 659 1439 Obsopoeus?
681 1355 863 1436 Adscripsit
879 1379 953 1419 vere
969 1373 1073 1439 pater,
1099 1352 1194 1439 Quod
1209 1368 1288 1425 enirn

181 1443 278 1506 dicere
289 1442 372 1518 volo,
395 1447 438 1503 sic
459 1467 490 1502 se
502 1442 608 1503 tabet.-
630 1441 736 1501 Nonne
753 1444 892 1503 scientiae
907 1447 1037 1505 virorum
1052 1466 1154 1505 eorum
1176 1469 1288 1511 caum

181 1527 451 1603 udillosnccedis,
473 1543 501 1586 et
522 1561 566 1573 -
586 1524 604 1589 Ρ
627 1527 735 1587 Οοοα.

266 1612 343 1674 End.
360 1617 380 1676 l.
397 1620 427 1678 7.
462 1606 522 1693 Οὐχ
543 1606 610 1683 i'u)
640 1611 680 1669 In
694 1609 890 1694 ,hujusmodi
917 1612 1043 1673 voculis
1067 1626 1106 1673 ut
1126 1632 1286 1681 venustas

179 1699 326 1781 linguae,
352 1698 397 1756 ita
413 1697 508 1756 etiam
532 1690 705 1754 difficultas
724 1696 884 1761 consistit.
926 1698 1117 1781 Saepissime
1131 1700 1183 1761 sic
1196 1702 1286 1784 apud

179 1785 321 1846 Nostrum
338 1786 514 1841 collocatur
527 1779 608 1838 illud
624 1775 691 1844 ou’u·
718 1780 843 1846 Sonan.
1167 1830 1171 1837 .

264 1866 341 1928 End.
360 1870 381 1925 l.
400 1875 429 1934 8.
454 1869 515 1931 Καί
532 1859 654 1945 ἠξίους)
675 1865 765 1946 Lege
777 1866 904 1928 forsans
924 1859 1012 1932 Ἀίίοί
1025 1857 1206 1947 ιιαίῆξίοας.
1231 1870 1286 1933 Sic

180 1952 349 2032 interpres.
375 1953 508 2015 Gurnr.
545 1949 668 2009 Pendet
680 1950 837 2031 judicium
851 1952 890 2010 ab
904 1973 1013 2013 eorum
1026 1950 1175 2032 veritate,
1199 1976 1285 2037 queo

180 2035 278 2097 modo
295 2036 333 2097 de
352 2036 446 2115 hujus
463 2037 530 2096 loci
545 2055 641 2093 sensu
657 2049 689 2092 et
707 2032 745 2093 de
758 2036 985 2115 particularum
1004 2032 1059 2119 οὐχ
1074 2030 1120 2102 iiu
1136 2054 1285 2117 poteste-

180 2137 213 2182 te
228 2119 378 2181 disseruit
396 2119 569 2180 Gronovius.
615 2118 706 2201 Quae
721 2120 748 2176 si
765 2137 937 2199 remeunt,
960 2135 996 2180 ut
1011 2136 1087 2181 sunt
1099 2123 1283 2205 verissime,

179 2206 381 2287 ineptissime
398 2219 599 2284 sequeretur,
623 2200 709 2285 quod
736 2200 863 2285 Guyetus
883 2209 974 2280 vult,
998 2199 1071 2269 ἄλλα
1089 2199 1284 2288 niniviticos,

179 2291 245 2350 imo
267 2291 362 2347 unice
383 2303 467 2347 recte
491 2286 677 2368 adjungitur
702 2285 838 2366 simplex
863 2293 998 2368 copula:
1033 2292 1141 2352 Nonne
1163 2292 1285 2370 (nicht

180 2373 320 2450 wahr?)
344 2375 446 2432 mentis
460 2371 580 2431 illorum
597 2394 696 2430 amore
711 2368 815 2430 ductus
833 2373 940 2433 adibus
952 2399 1015 2449 eos,
1039 2392 1066 2435 et
1078 2372 1200 2437 volebas
1221 2394 1284 2441 etc.

178 2459 295 2538 Itaque
311 2472 395 2517 recte
410 2457 607 2516 Basileenses
625 2453 711 2534 (Ed.
727 2465 754 2522 1.
771 2469 804 2513 et
818 2450 871 2534 3.)
893 2458 927 2516 in
944 2459 1123 2520 sententiae
1140 2458 1208 2521 fine
1224 2464 1285 2523 in..

177 2542 426 2624 terrogationem
449 2539 651 2615 iudicarunt,
677 2538 765 2621 quod
782 2540 816 2598 in
832 2545 871 2603 A.
888 2551 916 2608 1.
933 2551 963 2610 2.
980 2549 1162 2627 neglectum
1182 2546 1286 2609 facile

179 2629 379 2686 occasionem
403 2624 551 2704 praebuit
574 2624 778 2705 importunae
793 2626 975 2709 corrigendi
992 2626 1131 2691 libidini.
1155 2629 1285 2693 Lnunr.

262 2711 335 2792 Pag.
350 2719 401 2778 30.
419 2714 441 2771 l.
460 2718 490 2776 2.
510 2704 551 2773 ‘0
567 2716 645 2791 γοῦν
660 2706 801 2793 Μῶμος)
823 2710 946 2772 Fabula
962 2711 1002 2774 de
1015 2712 1123 2774 Momi
1139 2711 1285 2795 judicio·

177 2794 311 2855 Gurnr.
357 2795 454 2861 Conf.
469 2796 540 2855 Ver.
556 2794 640 2856 Hist.
655 2794 698 2856 ΙΙ.
714 2817 741 2857 c.
756 2804 786 2863 3.
809 2797 936 2861 Sonus.

262 2881 339 2948 Eae,
357 2886 422 2947 1.4.
443 2876 484 2945 ‘0
500 2887 599 2962 μῦθος
615 2882 732 2963 ἐρίσαι)
753 2880 860 2963 Hujus
875 2881 1003 2943 fabulae
1015 2881 1216 2945 mentionem
1233 2888 1286 2949 fn·

176 2964 224 3025 cit
235 2966 336 3030 Plato.
361 2968 471 3028 Coun.

260 3053 339 3115 Ibid.
360 3049 477 3132 Ἐρίοαι
498 3047 656 3132 Ἀθηνᾶν,
688 3050 741 3115 καί
760 3050 969 3131 Ποσειδίίοα)Ι
993 3051 1092 3115 Conf.
1117 3051 1199 3118 infr.
1223 3056 1284 3121 De

176 3134 288 3200 Saltat.
304 3161 329 3197 c.
343 3143 393 3206 39.
408 3145 458 3203 40.
483 3132 611 3198 Sonnu.

260 3222 339 3284 End.
356 3227 376 3282 1.
390 3227 417 3289 5.
441 3217 704 3300 Εὐιεχνίαςιιίρι)
728 3219 864 3300 Propter
884 3220 1099 3301 anastrophen
1121 3237 1280 3286 accentus

175 3308 427 3387 praepositionis
442 3302 612 3363 mutandus
628 3316 704 3364 erat.
750 3303 804 3366 Sic
818 3303 904 3363 infra
919 3327 945 3363 c.
959 3311 1008 3372 45.
1024 3311 1212 3385 φιλοσοφίας
1225 3310 1280 3375 ni·

175 3410 207 3471 ρι
228 3407 412 3452 constanter
430 3389 559 3471 legitur.
614 3386 711 3467 Quod
730 3409 770 3449 ex
791 3388 1017 3467 ¹,Grammaticis
1042 3403 1167 3449 notum.
1224 3394 1279 3457 Sic

173 3474 269 3543 Hom.
286 3480 323 3540 11.
342 3484 383 3546 Β,
402 3481 451 3539 91.
473 3506 516 3520 -
537 3477 615 3536 veoiv
631 3466 701 3534 iius.
747 3473 792 3531 Et
817 3471 932 3552 Odyss.
953 3479 998 3549 H,
1020 3478 1088 3538 104.
1111 3480 1160 3517 -’
1177 3472 1279 3561 μύλης

172 3561 238 3637 ἔπι,
263 3584 296 3620 ac
311 3580 403 3638 saepe
420 3558 509 3617 alibi.
553 3558 710 3636 Exempla
729 3560 822 3637 plura
840 3578 879 3617 ex
894 3578 1007 3640 prosae
1022 3558 1147 3639 scriptt.
1165 3559 1277 3625 adfert

172 3644 251 3706 Jens.
269 3643 307 3703 ad
322 3645 393 3706 Jov.
413 3646 508 3725 Trag.
523 3663 551 3705 c.
566 3650 616 3710 33.
640 3642 764 3703 Rn1rz.
808 3641 885 3702 Non
910 3664 928 3704 e
949 3643 1152 3740 longinquo,
1188 3667 1275 3727 opus

172 3744 257 3809 erat,
280 3743 317 3787 ut
334 3744 519 3809 peterentur
542 3730 685 3806 exempla
708 3728 756 3787 rei
771 3727 956 3810 ceteroquin
979 3727 1111 3787 mrnime
1128 3726 1273 3810 ignotae.

172 3811 358 3894 Εὐμορφίας
385 3815 453 3896 πέρι
475 3813 577 3874 Diell.
592 3812 708 3877 Mortt.
724 3810 845 3887 XXIV,
864 3819 894 3876 2.
916 3806 1040 3876 'Avimu
1060 3813 1112 3875 καί
1129 3816 1274 3879 Μείίιου

170 3900 240 3977 πέρι
254 3898 336 3962 Pisc
353 3920 378 3958 c.
397 3908 447 3965 10.
469 3895 621 3978 Ἰατρικῆς
641 3896 709 3974 πίοι
727 3897 762 3955 in
783 3894 846 3954 hoc
868 3890 939 3975 ipso
960 3898 1115 3978 Dialogo.
1128 3917 1154 3961 c.
1172 3908 1202 3963 1.
1216 3899 1270 3957 in·

170 3983 218 4049 fra
235 4005 262 4041 c.
280 3989 331 4050 45.
346 3988 532 4064 φιλοσοφίας
546 3984 621 4064 nipe.
668 3981 757 4064 Quin
778 3979 874 4041 etiarn
890 3978 920 4044 h.
935 3984 957 4042 1.
974 4001 1041 4040 non
1061 3985 1165 4041 solum
1186 3980 1272 4043 Jun-

169 4070 235 4128 tino
246 4067 376 4147 Editio,
400 4066 572 4132 sedetiam
592 4067 630 4128 B.
646 4072 676 4132 1.
686 4075 716 4135 3.
733 4066 773 4126 A·
786 4070 814 4129 1.
831 4071 862 4131 2·
875 4064 944 4151 ιιίρι
962 4063 1138 4139 οιὼίίιαοις
1168 4085 1270 4148 pree·
