<?xml version="1.0" encoding="UTF-8"?>
<!DOCTYPE html PUBLIC "-//W3C//DTD XHTML 1.0 Transitional//EN"
    "http://www.w3.org/TR/xhtml1/DTD/xhtml1-transitional.dtd">
<html xmlns="http://www.w3.org/1999/xhtml" xml:lang="en" lang="en">
 <head>
  <title>
</title>
<meta http-equiv="Content-Type" content="text/html;charset=utf-8" />
  <meta name='ocr-system' content='tesseract 3.04.00' />
  <meta name='ocr-capabilities' content='ocr_page ocr_carea ocr_par ocr_line ocrx_word'/>
</head>
<body>
  <div class='ocr_page' id='page_1' title='image "./lucianisamosate00lehmgoog_0485.png"; bbox 0 0 2634 4680; ppageno 0'>
   <div class='ocr_carea' id='block_1_1' title="bbox 171 280 1006 352">
    <p class='ocr_par' dir='ltr' id='par_1_1' title="bbox 171 280 1006 352">
     <span class='ocr_line' id='line_1_1' title="bbox 171 280 1006 352; baseline -0.008 -14"><span class='ocrx_word' id='word_1_1' title='bbox 171 280 248 352; x_wconf 80' lang='lat'><strong>476</strong></span> <span class='ocrx_word' id='word_1_2' title='bbox 433 283 1006 337; x_wconf 77' lang='lat' dir='ltr'><strong>snuorsntours</strong></span> 
     </span>
    </p>
   </div>
   <div class='ocr_carea' id='block_1_2' title="bbox 144 422 1316 1789">
    <p class='ocr_par' dir='ltr' id='par_1_2' title="bbox 144 422 1316 1789">
     <span class='ocr_line' id='line_1_2' title="bbox 171 422 1279 518; baseline -0.011 -13"><span class='ocrx_word' id='word_1_3' title='bbox 171 446 266 518; x_wconf 86' lang='lat' dir='ltr'><strong>bant,</strong></span> <span class='ocrx_word' id='word_1_4' title='bbox 297 433 468 499; x_wconf 74' lang='lat' dir='ltr'><strong>&lt;licendum</strong></span> <span class='ocrx_word' id='word_1_5' title='bbox 484 432 584 495; x_wconf 88' lang='lat' dir='ltr'><strong>fuisse</strong></span> <span class='ocrx_word' id='word_1_6' title='bbox 601 434 651 497; x_wconf 75' lang='grc' dir='ltr'><strong>ἐπὶ</strong></span> <span class='ocrx_word' id='word_1_7' title='bbox 665 438 703 517; x_wconf 69' lang='grc' dir='ltr'><strong>τῇ</strong></span> <span class='ocrx_word' id='word_1_8' title='bbox 712 424 796 511; x_wconf 79' lang='grc' dir='ltr'><strong><em>ἠϊόνι</em></strong></span> <span class='ocrx_word' id='word_1_9' title='bbox 816 424 1026 511; x_wconf 75' lang='grc' dir='ltr'><strong><em>καθεζόμενον</em></strong></span> <span class='ocrx_word' id='word_1_10' title='bbox 1041 422 1279 516; x_wconf 72' lang='grc' dir='ltr'><strong><em>ιῇκυμοιτοόδει.</em></strong></span> 
     </span>
     <span class='ocr_line' id='line_1_3' title="bbox 170 509 1281 608; baseline -0.014 -17"><span class='ocrx_word' id='word_1_11' title='bbox 170 532 239 591; x_wconf 84' lang='grc' dir='ltr'><strong>Μι.</strong></span> <span class='ocrx_word' id='word_1_12' title='bbox 256 545 314 608; x_wconf 88' lang='lat' dir='ltr'><strong>pro</strong></span> <span class='ocrx_word' id='word_1_13' title='bbox 327 523 375 587; x_wconf 72' lang='lat' dir='ltr'><strong>sut</strong></span> <span class='ocrx_word' id='word_1_14' title='bbox 387 516 441 601; x_wconf 72' lang='grc' dir='ltr'><strong><em>τὴν</em></strong></span> <span class='ocrx_word' id='word_1_15' title='bbox 457 515 618 599; x_wconf 77' lang='grc' dir='ltr'><strong><em>κυματώδη</em></strong></span> <span class='ocrx_word' id='word_1_16' title='bbox 633 516 746 577; x_wconf 81' lang='lat' dir='ltr'>scribit</span> <span class='ocrx_word' id='word_1_17' title='bbox 761 517 810 579; x_wconf 76' lang='grc' dir='ltr'><strong>ἐπὶ</strong></span> <span class='ocrx_word' id='word_1_18' title='bbox 822 512 878 595; x_wconf 81' lang='grc' dir='ltr'><strong><em>τὴν</em></strong></span> <span class='ocrx_word' id='word_1_19' title='bbox 891 509 1088 597; x_wconf 80' lang='grc' dir='ltr'><strong><em>κυματωγήν·</em></strong></span> <span class='ocrx_word' id='word_1_20' title='bbox 1115 514 1214 599; x_wconf 81' lang='lat' dir='ltr'><strong>quod</strong></span> <span class='ocrx_word' id='word_1_21' title='bbox 1228 536 1281 577; x_wconf 82' lang='lat' dir='ltr'><strong>sr-</strong></span> 
     </span>
     <span class='ocr_line' id='line_1_4' title="bbox 171 596 1281 697; baseline -0.011 -24"><span class='ocrx_word' id='word_1_22' title='bbox 171 620 324 697; x_wconf 81' lang='lat' dir='ltr'><strong>g&#39;umento</strong></span> <span class='ocrx_word' id='word_1_23' title='bbox 342 619 406 681; x_wconf 88' lang='lat' dir='ltr'><strong>est,</strong></span> <span class='ocrx_word' id='word_1_24' title='bbox 428 605 477 669; x_wconf 82' lang='lat' dir='ltr'><strong>inl</strong></span> <span class='ocrx_word' id='word_1_25' title='bbox 490 609 528 687; x_wconf 74' lang='grc' dir='ltr'><strong>τῇ</strong></span> <span class='ocrx_word' id='word_1_26' title='bbox 540 597 625 682; x_wconf 78' lang='grc' dir='ltr'><strong><em>ἠϊόνι</em></strong></span> <span class='ocrx_word' id='word_1_27' title='bbox 646 620 715 661; x_wconf 87' lang='lat' dir='ltr'><strong>esse</strong></span> <span class='ocrx_word' id='word_1_28' title='bbox 736 604 893 683; x_wconf 85' lang='lat' dir='ltr'><strong>glossam,</strong></span> <span class='ocrx_word' id='word_1_29' title='bbox 916 612 950 660; x_wconf 90' lang='lat' dir='ltr'><strong>et</strong></span> <span class='ocrx_word' id='word_1_30' title='bbox 967 596 1281 679; x_wconf 75' lang='lat' dir='ltr'><strong>interpretationem</strong></span> 
     </span>
     <span class='ocr_line' id='line_1_5' title="bbox 169 681 1282 778; baseline -0.013 -21"><span class='ocrx_word' id='word_1_31' title='bbox 169 692 332 778; x_wconf 73' lang='lat' dir='ltr'><strong>magistri,</strong></span> <span class='ocrx_word' id='word_1_32' title='bbox 355 710 435 775; x_wconf 90' lang='lat' dir='ltr'><strong>qnae</strong></span> <span class='ocrx_word' id='word_1_33' title='bbox 454 688 693 763; x_wconf 70' lang='lat' dir='ltr'><strong>incomestum</strong></span> <span class='ocrx_word' id='word_1_34' title='bbox 714 683 853 765; x_wconf 79' lang='lat' dir='ltr'><strong>irrepsit.</strong></span> <span class='ocrx_word' id='word_1_35' title='bbox 896 681 1036 743; x_wconf 89' lang='lat' dir='ltr'><strong>Indubie</strong></span> <span class='ocrx_word' id='word_1_36' title='bbox 1048 682 1194 765; x_wconf 73' lang='lat' dir='ltr'><strong>scripsit</strong></span> <span class='ocrx_word' id='word_1_37' title='bbox 1210 682 1282 743; x_wconf 75' lang='lat' dir='ltr'><strong>Dn-</strong></span> 
     </span>
     <span class='ocr_line' id='line_1_6' title="bbox 169 762 1316 858; baseline -0.01 -14"><span class='ocrx_word' id='word_1_38' title='bbox 169 786 293 844; x_wconf 72' lang='lat' dir='ltr'><strong>cienus:</strong></span> <span class='ocrx_word' id='word_1_39' title='bbox 314 778 374 857; x_wconf 73' lang='grc' dir='ltr'><strong>ἔφη</strong></span> <span class='ocrx_word' id='word_1_40' title='bbox 388 770 446 858; x_wconf 83' lang='grc' dir='ltr'><strong><em>γδιρ</em></strong></span> <span class='ocrx_word' id='word_1_41' title='bbox 461 767 631 849; x_wconf 71' lang='grc' dir='ltr'><strong><em>ἄνθρωπόν</em></strong></span> <span class='ocrx_word' id='word_1_42' title='bbox 649 766 848 847; x_wconf 71' lang='lat' dir='ltr'><strong>trucissimis</strong></span> <span class='ocrx_word' id='word_1_43' title='bbox 868 763 1049 850; x_wconf 75' lang='grc' dir='ltr'><strong><em>κυματωγὴν</em></strong></span> <span class='ocrx_word' id='word_1_44' title='bbox 1060 762 1283 849; x_wconf 75' lang='grc' dir='ltr'><strong><em>καθεζόμενον</em></strong></span> <span class='ocrx_word' id='word_1_45' title='bbox 1314 802 1316 811; x_wconf 90' lang='grc'><em>·</em></span> 
     </span>
     <span class='ocr_line' id='line_1_7' title="bbox 169 850 1282 957; baseline -0.013 -29"><span class='ocrx_word' id='word_1_46' title='bbox 169 862 312 949; x_wconf 79' lang='grc' dir='ltr'><strong><em>όριθμεῖν</em></strong></span> <span class='ocrx_word' id='word_1_47' title='bbox 329 857 368 923; x_wconf 79' lang='grc' dir='ltr'><strong>τό</strong></span> <span class='ocrx_word' id='word_1_48' title='bbox 387 856 518 938; x_wconf 79' lang='grc' dir='ltr'><strong><em>κύματα,</em></strong></span> <span class='ocrx_word' id='word_1_49' title='bbox 541 854 624 916; x_wconf 76' lang='lat' dir='ltr'><strong>&lt;lixit</strong></span> <span class='ocrx_word' id='word_1_50' title='bbox 644 857 735 930; x_wconf 85' lang='lat' dir='ltr'><strong>enim,</strong></span> <span class='ocrx_word' id='word_1_51' title='bbox 768 852 914 937; x_wconf 77' lang='lat' dir='ltr'><strong>quendum</strong></span> <span class='ocrx_word' id='word_1_52' title='bbox 936 856 968 912; x_wconf 84' lang='lat' dir='ltr'><strong>iu</strong></span> <span class='ocrx_word' id='word_1_53' title='bbox 992 850 1150 957; x_wconf 75' lang='lat' dir='ltr'><strong>crepidine</strong></span> <span class='ocrx_word' id='word_1_54' title='bbox 1168 850 1282 913; x_wconf 84' lang='lat' dir='ltr'><strong>littoris</strong></span> 
     </span>
     <span class='ocr_line' id='line_1_8' title="bbox 167 932 1282 1025; baseline -0.008 -14"><span class='ocrx_word' id='word_1_55' title='bbox 167 946 348 1022; x_wconf 75' lang='lat' dir='ltr'><strong>consedisse,</strong></span> <span class='ocrx_word' id='word_1_56' title='bbox 370 959 403 1003; x_wconf 83' lang='lat' dir='ltr'><strong>ut</strong></span> <span class='ocrx_word' id='word_1_57' title='bbox 417 943 709 1025; x_wconf 80' lang='lat' dir='ltr'><strong>numeraretfluctus.</strong></span> <span class='ocrx_word' id='word_1_58' title='bbox 744 934 914 1021; x_wconf 76' lang='grc' dir='ltr'><strong><em>Κυματοιγὴ</em></strong></span> <span class='ocrx_word' id='word_1_59' title='bbox 925 949 974 999; x_wconf 85' lang='lat' dir='ltr'><strong>est</strong></span> <span class='ocrx_word' id='word_1_60' title='bbox 987 932 1065 1017; x_wconf 78' lang='grc' dir='ltr'><strong><em>ἠΐων</em></strong></span> <span class='ocrx_word' id='word_1_61' title='bbox 1075 934 1282 1019; x_wconf 74' lang='grc' dir='ltr'><strong><em>πυματνόδης,</em></strong></span> 
     </span>
     <span class='ocr_line' id='line_1_9' title="bbox 169 1020 1283 1112; baseline -0.02 -19"><span class='ocrx_word' id='word_1_62' title='bbox 169 1036 273 1106; x_wconf 87' lang='lat' dir='ltr'><strong>littus,</strong></span> <span class='ocrx_word' id='word_1_63' title='bbox 290 1026 378 1112; x_wconf 86' lang='lat' dir='ltr'><strong>quod</strong></span> <span class='ocrx_word' id='word_1_64' title='bbox 393 1024 544 1086; x_wconf 90' lang='lat' dir='ltr'><strong>fluctibus</strong></span> <span class='ocrx_word' id='word_1_65' title='bbox 555 1027 712 1103; x_wconf 84' lang='lat' dir='ltr'><strong>pulsatur.</strong></span> <span class='ocrx_word' id='word_1_66' title='bbox 758 1021 887 1107; x_wconf 82' lang='lat' dir='ltr'><strong>Hesycb.</strong></span> <span class='ocrx_word' id='word_1_67' title='bbox 903 1020 1086 1105; x_wconf 78' lang='grc' dir='ltr'><strong><em>Καματοογή,</em></strong></span> <span class='ocrx_word' id='word_1_68' title='bbox 1103 1024 1217 1105; x_wconf 54' lang='lat' dir='ltr'><strong>(iuxta,</strong></span> <span class='ocrx_word' id='word_1_69' title='bbox 1241 1024 1283 1087; x_wconf 61' lang='lat' dir='ltr'><strong>gl.</strong></span> 
     </span>
     <span class='ocr_line' id='line_1_10' title="bbox 144 1104 1283 1202; baseline -0.006 -26"><span class='ocrx_word' id='word_1_70' title='bbox 144 1172 147 1176; x_wconf 87' lang='lat'><strong>.</strong></span> <span class='ocrx_word' id='word_1_71' title='bbox 169 1124 278 1202; x_wconf 79' lang='grc' dir='ltr'><strong><em>γιαλοῦ</em></strong></span> <span class='ocrx_word' id='word_1_72' title='bbox 295 1106 487 1195; x_wconf 81' lang='grc' dir='ltr'><strong><em>ὖπεραγοογή.</em></strong></span> <span class='ocrx_word' id='word_1_73' title='bbox 531 1106 618 1167; x_wconf 83' lang='lat' dir='ltr'><strong>Usus</strong></span> <span class='ocrx_word' id='word_1_74' title='bbox 634 1106 729 1168; x_wconf 85' lang='lat' dir='ltr'><strong>etiam</strong></span> <span class='ocrx_word' id='word_1_75' title='bbox 744 1104 805 1166; x_wconf 85' lang='lat' dir='ltr'><strong>has</strong></span> <span class='ocrx_word' id='word_1_76' title='bbox 828 1128 906 1168; x_wconf 87' lang='lat' dir='ltr'><strong>voce</strong></span> <span class='ocrx_word' id='word_1_77' title='bbox 918 1106 1074 1168; x_wconf 77' lang='lat' dir='ltr'><strong>Lucienus</strong></span> <span class='ocrx_word' id='word_1_78' title='bbox 1087 1119 1145 1167; x_wconf 84' lang='lat' dir='ltr'><strong>est</strong></span> <span class='ocrx_word' id='word_1_79' title='bbox 1160 1106 1202 1167; x_wconf 88' lang='lat' dir='ltr'><strong>in</strong></span> <span class='ocrx_word' id='word_1_80' title='bbox 1218 1106 1283 1169; x_wconf 77' lang='lat' dir='ltr'><strong>c·-</strong></span> 
     </span>
     <span class='ocr_line' id='line_1_11' title="bbox 171 1186 1284 1283; baseline -0.004 -22"><span class='ocrx_word' id='word_1_81' title='bbox 171 1205 259 1283; x_wconf 80' lang='lat' dir='ltr'><strong>tuplo</strong></span> <span class='ocrx_word' id='word_1_82' title='bbox 274 1196 436 1283; x_wconf 83' lang='lat' dir='ltr'><strong>(Navigio</strong></span> <span class='ocrx_word' id='word_1_83' title='bbox 446 1194 558 1277; x_wconf 88' lang='lat' dir='ltr'><strong>potius</strong></span> <span class='ocrx_word' id='word_1_84' title='bbox 573 1213 601 1252; x_wconf 90' lang='lat' dir='ltr'><strong>c.</strong></span> <span class='ocrx_word' id='word_1_85' title='bbox 612 1199 643 1261; x_wconf 84' lang='lat'><strong>8.</strong></span> <span class='ocrx_word' id='word_1_86' title='bbox 653 1197 682 1271; x_wconf 74' lang='lat' dir='ltr'><strong>l:</strong></span> <span class='ocrx_word' id='word_1_87' title='bbox 698 1186 862 1274; x_wconf 81' lang='grc' dir='ltr'><strong><em>Ἀπόξηροι</em></strong></span> <span class='ocrx_word' id='word_1_88' title='bbox 874 1192 908 1256; x_wconf 75' lang='grc' dir='ltr'><strong>δέ</strong></span> <span class='ocrx_word' id='word_1_89' title='bbox 921 1194 979 1256; x_wconf 80' lang='lat' dir='ltr'><strong>slus</strong></span> <span class='ocrx_word' id='word_1_90' title='bbox 990 1192 1096 1275; x_wconf 76' lang='lat' dir='ltr'><strong>stirpat</strong></span> <span class='ocrx_word' id='word_1_91' title='bbox 1113 1192 1174 1257; x_wconf 81' lang='lat' dir='ltr'><strong>stul</strong></span> <span class='ocrx_word' id='word_1_92' title='bbox 1189 1186 1284 1271; x_wconf 78' lang='grc' dir='ltr'><strong><em>όξεῖοι</em></strong></span> 
     </span>
     <span class='ocr_line' id='line_1_12' title="bbox 169 1272 1283 1369; baseline -0.009 -18"><span class='ocrx_word' id='word_1_93' title='bbox 169 1282 420 1369; x_wconf 75' lang='grc' dir='ltr'><strong><em>παραθηγόμεναι</em></strong></span> <span class='ocrx_word' id='word_1_94' title='bbox 435 1285 476 1364; x_wconf 78' lang='grc' dir='ltr'><strong>τῷ</strong></span> <span class='ocrx_word' id='word_1_95' title='bbox 488 1275 655 1361; x_wconf 74' lang='grc' dir='ltr'><strong><em>κλύσματι,</em></strong></span> <span class='ocrx_word' id='word_1_96' title='bbox 670 1278 723 1340; x_wconf 77' lang='grc' dir='ltr'><strong>καὶ</strong></span> <span class='ocrx_word' id='word_1_97' title='bbox 733 1272 950 1359; x_wconf 80' lang='grc' dir='ltr'><strong><em>φοβερωτάτην</em></strong></span> <span class='ocrx_word' id='word_1_98' title='bbox 962 1274 1120 1357; x_wconf 77' lang='grc' dir='ltr'><strong><em>ποιεῖτὴν</em></strong></span> <span class='ocrx_word' id='word_1_99' title='bbox 1134 1302 1283 1361; x_wconf 74' lang='grc' dir='ltr'><strong><em>κυματο-</em></strong></span> 
     </span>
     <span class='ocr_line' id='line_1_13' title="bbox 168 1356 1282 1457; baseline -0.013 -24"><span class='ocrx_word' id='word_1_100' title='bbox 168 1368 247 1457; x_wconf 75' lang='grc' dir='ltr'><strong><em>γήν,</em></strong></span> <span class='ocrx_word' id='word_1_101' title='bbox 276 1370 328 1432; x_wconf 81' lang='lat' dir='ltr'><strong>stul</strong></span> <span class='ocrx_word' id='word_1_102' title='bbox 345 1364 399 1430; x_wconf 87' lang='grc' dir='ltr'><strong><em>τόν</em></strong></span> <span class='ocrx_word' id='word_1_103' title='bbox 417 1356 494 1444; x_wconf 77' lang='grc' dir='ltr'><strong><em>ἦχον</em></strong></span> <span class='ocrx_word' id='word_1_104' title='bbox 516 1365 621 1445; x_wconf 75' lang='grc' dir='ltr'><strong><em>μέγαν·</em></strong></span> <span class='ocrx_word' id='word_1_105' title='bbox 652 1376 735 1421; x_wconf 85' lang='lat' dir='ltr'><strong>eraut</strong></span> <span class='ocrx_word' id='word_1_106' title='bbox 756 1386 840 1443; x_wconf 77' lang='lat' dir='ltr'><strong>rupes</strong></span> <span class='ocrx_word' id='word_1_107' title='bbox 860 1360 959 1421; x_wconf 79' lang='lat' dir='ltr'><strong>nutius</strong></span> <span class='ocrx_word' id='word_1_108' title='bbox 980 1376 1009 1421; x_wconf 81' lang='lat' dir='ltr'><strong>et</strong></span> <span class='ocrx_word' id='word_1_109' title='bbox 1029 1382 1064 1420; x_wconf 82' lang='lat' dir='ltr'><strong>as</strong></span> <span class='ocrx_word' id='word_1_110' title='bbox 1084 1378 1176 1439; x_wconf 75' lang='lat' dir='ltr'><strong>eree,</strong></span> <span class='ocrx_word' id='word_1_111' title='bbox 1209 1386 1282 1447; x_wconf 77' lang='lat' dir='ltr'><strong>quos</strong></span> 
     </span>
     <span class='ocr_line' id='line_1_14' title="bbox 160 1443 1283 1540; baseline -0.008 -24"><span class='ocrx_word' id='word_1_112' title='bbox 160 1458 278 1540; x_wconf 86' lang='lat' dir='ltr'><strong>fluctus</strong></span> <span class='ocrx_word' id='word_1_113' title='bbox 296 1448 460 1534; x_wconf 83' lang='lat' dir='ltr'><strong>pulsabunt</strong></span> <span class='ocrx_word' id='word_1_114' title='bbox 468 1493 478 1525; x_wconf 91' lang='lat'><strong>,</strong></span> <span class='ocrx_word' id='word_1_115' title='bbox 503 1464 530 1507; x_wconf 81' lang='grc' dir='ltr'><strong>τι</strong></span> <span class='ocrx_word' id='word_1_116' title='bbox 546 1443 635 1508; x_wconf 76' lang='lat' dir='ltr'><strong>valde</strong></span> <span class='ocrx_word' id='word_1_117' title='bbox 654 1445 806 1521; x_wconf 75' lang='lat' dir='ltr'><strong>horribilis</strong></span> <span class='ocrx_word' id='word_1_118' title='bbox 827 1461 889 1507; x_wconf 84' lang='lat' dir='ltr'><strong>erat</strong></span> <span class='ocrx_word' id='word_1_119' title='bbox 902 1444 961 1507; x_wconf 77' lang='lat' dir='ltr'><strong>ills</strong></span> <span class='ocrx_word' id='word_1_120' title='bbox 975 1448 1053 1527; x_wconf 84' lang='lat' dir='ltr'><strong>crepi</strong></span> <span class='ocrx_word' id='word_1_121' title='bbox 1076 1454 1142 1505; x_wconf 81' lang='lat' dir='ltr'><strong>o&#39;et</strong></span> <span class='ocrx_word' id='word_1_122' title='bbox 1154 1470 1283 1529; x_wconf 76' lang='lat' dir='ltr'><strong>mugnus</strong></span> 
     </span>
     <span class='ocr_line' id='line_1_15' title="bbox 170 1528 1282 1620; baseline -0.008 -20"><span class='ocrx_word' id='word_1_123' title='bbox 170 1542 315 1620; x_wconf 82' lang='lat' dir='ltr'><strong>strepitus.</strong></span> <span class='ocrx_word' id='word_1_124' title='bbox 359 1535 461 1592; x_wconf 84' lang='lat' dir='ltr'><strong>Extat</strong></span> <span class='ocrx_word' id='word_1_125' title='bbox 482 1533 576 1592; x_wconf 83' lang='lat' dir='ltr'><strong>etism</strong></span> <span class='ocrx_word' id='word_1_126' title='bbox 599 1529 683 1613; x_wconf 84' lang='lat' dir='ltr'><strong>apud</strong></span> <span class='ocrx_word' id='word_1_127' title='bbox 705 1529 893 1593; x_wconf 77' lang='lat' dir='ltr'><strong>Herodotum</strong></span> <span class='ocrx_word' id='word_1_128' title='bbox 913 1532 946 1589; x_wconf 91' lang='lat' dir='ltr'><strong>in</strong></span> <span class='ocrx_word' id='word_1_129' title='bbox 965 1529 1138 1611; x_wconf 77' lang='lat' dir='ltr'><strong>Calliope,</strong></span> <span class='ocrx_word' id='word_1_130' title='bbox 1161 1546 1203 1591; x_wconf 84' lang='lat' dir='ltr'><strong>ut</strong></span> <span class='ocrx_word' id='word_1_131' title='bbox 1219 1528 1282 1591; x_wconf 85' lang='lat' dir='ltr'><strong>tlu-</strong></span> 
     </span>
     <span class='ocr_line' id='line_1_16' title="bbox 172 1613 1282 1697; baseline -0.006 -15"><span class='ocrx_word' id='word_1_132' title='bbox 172 1622 248 1683; x_wconf 83' lang='lat' dir='ltr'><strong>dum</strong></span> <span class='ocrx_word' id='word_1_133' title='bbox 270 1618 414 1682; x_wconf 72' lang='lat' dir='ltr'><strong>Budaeus</strong></span> <span class='ocrx_word' id='word_1_134' title='bbox 430 1614 629 1689; x_wconf 83' lang='lat' dir='ltr'><strong>observavit,</strong></span> <span class='ocrx_word' id='word_1_135' title='bbox 661 1613 746 1697; x_wconf 86' lang='lat' dir='ltr'><strong>apud</strong></span> <span class='ocrx_word' id='word_1_136' title='bbox 768 1635 862 1697; x_wconf 89' lang='lat' dir='ltr'><strong>quem</strong></span> <span class='ocrx_word' id='word_1_137' title='bbox 886 1630 991 1676; x_wconf 85' lang='lat' dir='ltr'><strong>tamen</strong></span> <span class='ocrx_word' id='word_1_138' title='bbox 1017 1618 1101 1675; x_wconf 87' lang='lat' dir='ltr'><strong>male</strong></span> <span class='ocrx_word' id='word_1_139' title='bbox 1124 1614 1282 1675; x_wconf 83' lang='lat' dir='ltr'><strong>scribitur</strong></span> 
     </span>
     <span class='ocr_line' id='line_1_17' title="bbox 170 1696 1281 1789; baseline -0.007 -23"><span class='ocrx_word' id='word_1_140' title='bbox 170 1704 348 1789; x_wconf 70' lang='grc' dir='ltr'><strong><em>κυματοόγη,</em></strong></span> <span class='ocrx_word' id='word_1_141' title='bbox 373 1717 405 1764; x_wconf 93' lang='lat' dir='ltr'><strong>et</strong></span> <span class='ocrx_word' id='word_1_142' title='bbox 420 1701 454 1761; x_wconf 89' lang='lat' dir='ltr'><strong>in</strong></span> <span class='ocrx_word' id='word_1_143' title='bbox 467 1702 533 1762; x_wconf 89' lang='lat' dir='ltr'><strong>Ms.</strong></span> <span class='ocrx_word' id='word_1_144' title='bbox 543 1702 676 1764; x_wconf 86' lang='lat' dir='ltr'><strong>Lucioni</strong></span> <span class='ocrx_word' id='word_1_145' title='bbox 689 1696 852 1783; x_wconf 75' lang='grc' dir='ltr'><strong><em>κυμαιογή.</em></strong></span> <span class='ocrx_word' id='word_1_146' title='bbox 895 1698 1032 1760; x_wconf 81' lang='lat' dir='ltr'><strong>Ersstatb.</strong></span> <span class='ocrx_word' id='word_1_147' title='bbox 1047 1696 1087 1757; x_wconf 85' lang='lat' dir='ltr'><strong>atl</strong></span> <span class='ocrx_word' id='word_1_148' title='bbox 1103 1698 1235 1781; x_wconf 82' lang='lat' dir='ltr'><strong>Odyss.</strong></span> <span class='ocrx_word' id='word_1_149' title='bbox 1251 1696 1281 1779; x_wconf 71' lang='grc' dir='ltr'><strong>τ’,</strong></span> 
     </span>
    </p>
   </div>
   <div class='ocr_carea' id='block_1_3' title="bbox 7 1765 1282 1872">
    <p class='ocr_par' dir='ltr' id='par_1_3' title="bbox 7 1758 1282 1872">
     <span class='ocr_line' id='line_1_18' title="bbox 7 1765 1282 1872; baseline -0.004 -16"><span class='ocrx_word' id='word_1_150' title='bbox 7 1765 11 1772; x_wconf 34' lang='lat'><strong><em>¹</em></strong></span> <span class='ocrx_word' id='word_1_151' title='bbox 171 1792 310 1872; x_wconf 77' lang='grc' dir='ltr'><strong><em>ἕπιωχαὶ,</em></strong></span> <span class='ocrx_word' id='word_1_152' title='bbox 333 1788 430 1870; x_wconf 75' lang='grc' dir='ltr'><strong><em>ἐξοχαδ</em></strong></span> <span class='ocrx_word' id='word_1_153' title='bbox 446 1783 523 1851; x_wconf 79' lang='grc' dir='ltr'><strong><em>κατὰ</em></strong></span> <span class='ocrx_word' id='word_1_154' title='bbox 537 1784 608 1863; x_wconf 65' lang='lat' dir='ltr'><strong>corle</strong></span> <span class='ocrx_word' id='word_1_155' title='bbox 623 1784 772 1860; x_wconf 71' lang='grc' dir='ltr'><strong><em>παλαιοδς</em></strong></span> <span class='ocrx_word' id='word_1_156' title='bbox 783 1788 834 1849; x_wconf 88' lang='grc' dir='ltr'><strong>καὶ</strong></span> <span class='ocrx_word' id='word_1_157' title='bbox 847 1791 967 1857; x_wconf 80' lang='grc' dir='ltr'><strong><em>πλατεῖς</em></strong></span> <span class='ocrx_word' id='word_1_158' title='bbox 982 1786 1125 1867; x_wconf 75' lang='grc' dir='ltr'><strong><em>αἰγιαλοί.</em></strong></span> <span class='ocrx_word' id='word_1_159' title='bbox 1151 1782 1282 1867; x_wconf 72' lang='grc' dir='ltr'><strong><em>μάλιστα</em></strong></span> 
     </span>
    </p>
   </div>
   <div class='ocr_carea' id='block_1_4' title="bbox 171 1864 1289 4154">
    <p class='ocr_par' dir='ltr' id='par_1_4' title="bbox 171 1864 1289 4154">
     <span class='ocr_line' id='line_1_19' title="bbox 173 1864 1281 1978; baseline -0.006 -36"><span class='ocrx_word' id='word_1_160' title='bbox 173 1878 205 1943; x_wconf 76' lang='grc' dir='ltr'><strong>δὲ</strong></span> <span class='ocrx_word' id='word_1_161' title='bbox 226 1875 316 1940; x_wconf 88' lang='grc' dir='ltr'><strong><em>τόποι</em></strong></span> <span class='ocrx_word' id='word_1_162' title='bbox 334 1876 448 1953; x_wconf 81' lang='grc' dir='ltr'><strong><em>σκέπην</em></strong></span> <span class='ocrx_word' id='word_1_163' title='bbox 472 1874 597 1978; x_wconf 63' lang='grc' dir='ltr'><strong><em>ἔρονιες.</em></strong></span> <span class='ocrx_word' id='word_1_164' title='bbox 628 1874 706 1936; x_wconf 79' lang='grc' dir='ltr'><strong><em>ἔνθα</em></strong></span> <span class='ocrx_word' id='word_1_165' title='bbox 725 1868 1020 1951; x_wconf 61' lang='lat' dir='ltr'><strong>rettulinmus,</strong></span> <span class='ocrx_word' id='word_1_166' title='bbox 1043 1865 1130 1951; x_wconf 74' lang='grc' dir='ltr'><strong><em>πνοὴ</em></strong></span> <span class='ocrx_word' id='word_1_167' title='bbox 1152 1864 1281 1955; x_wconf 67' lang='grc' dir='ltr'><strong><em>ἄγνυται</em></strong></span> 
     </span>
     <span class='ocr_line' id='line_1_20' title="bbox 172 1948 1279 2043; baseline -0.004 -18"><span class='ocrx_word' id='word_1_168' title='bbox 172 1961 213 2043; x_wconf 79' lang='grc' dir='ltr'><strong>μὴ</strong></span> <span class='ocrx_word' id='word_1_169' title='bbox 229 1960 379 2040; x_wconf 75' lang='grc' dir='ltr'><strong><em>δυναμένη</em></strong></span> <span class='ocrx_word' id='word_1_170' title='bbox 394 1961 508 2038; x_wconf 80' lang='grc' dir='ltr'><strong><em>δηλαδη</em></strong></span> <span class='ocrx_word' id='word_1_171' title='bbox 523 1960 671 2042; x_wconf 78' lang='grc' dir='ltr'><strong><em>προϊέναι.</em></strong></span> <span class='ocrx_word' id='word_1_172' title='bbox 694 1950 768 2020; x_wconf 87' lang='grc' dir='ltr'><strong><em>καθ’</em></strong></span> <span class='ocrx_word' id='word_1_173' title='bbox 783 1950 946 2037; x_wconf 81' lang='grc' dir='ltr'><strong><em>ὁμοιότητα</em></strong></span> <span class='ocrx_word' id='word_1_174' title='bbox 959 1948 1137 2031; x_wconf 76' lang='grc' dir='ltr'><strong><em>δὲτοόιου,</em></strong></span> <span class='ocrx_word' id='word_1_175' title='bbox 1161 1956 1218 2021; x_wconf 83' lang='lat' dir='ltr'><strong>stul</strong></span> <span class='ocrx_word' id='word_1_176' title='bbox 1228 1980 1279 2021; x_wconf 82' lang='grc' dir='ltr'><strong><em>ειν-</em></strong></span> 
     </span>
     <span class='ocr_line' id='line_1_21' title="bbox 172 2034 1278 2129; baseline -0.005 -20"><span class='ocrx_word' id='word_1_177' title='bbox 172 2041 294 2129; x_wconf 73' lang='grc' dir='ltr'><strong><em>ματωγόγ</em></strong></span> <span class='ocrx_word' id='word_1_178' title='bbox 310 2038 384 2125; x_wconf 85' lang='grc' dir='ltr'><strong><em>παρ’</em></strong></span> <span class='ocrx_word' id='word_1_179' title='bbox 404 2039 560 2120; x_wconf 82' lang='grc' dir='ltr'><strong><em>Ἡροδότῳ</em></strong></span> <span class='ocrx_word' id='word_1_180' title='bbox 575 2038 596 2124; x_wconf 75' lang='grc' dir='ltr'><em>ἡ</em></span> <span class='ocrx_word' id='word_1_181' title='bbox 611 2037 686 2120; x_wconf 73' lang='lat' dir='ltr'><strong>circui</strong></span> <span class='ocrx_word' id='word_1_182' title='bbox 700 2044 776 2106; x_wconf 72' lang='lat' dir='ltr'><strong>tues</strong></span> <span class='ocrx_word' id='word_1_183' title='bbox 801 2038 916 2121; x_wconf 72' lang='grc' dir='ltr'><strong><em>δηλαδὴ</em></strong></span> <span class='ocrx_word' id='word_1_184' title='bbox 928 2037 965 2103; x_wconf 79' lang='grc' dir='ltr'><strong>τό</strong></span> <span class='ocrx_word' id='word_1_185' title='bbox 980 2034 1099 2119; x_wconf 65' lang='grc' dir='ltr'><strong><em>πόματα</em></strong></span> <span class='ocrx_word' id='word_1_186' title='bbox 1114 2036 1278 2125; x_wconf 68' lang='grc' dir='ltr'><strong><em>ὄγνυνται,</em></strong></span> 
     </span>
     <span class='ocr_line' id='line_1_22' title="bbox 173 2110 1276 2211; baseline -0.002 -20"><span class='ocrx_word' id='word_1_187' title='bbox 173 2133 307 2192; x_wconf 78' lang='lat' dir='ltr'><strong>Gnsnv.</strong></span> <span class='ocrx_word' id='word_1_188' title='bbox 351 2126 428 2189; x_wconf 83' lang='lat' dir='ltr'><strong>Viti.</strong></span> <span class='ocrx_word' id='word_1_189' title='bbox 446 2127 575 2188; x_wconf 85' lang='lat' dir='ltr'><strong>Timon.</strong></span> <span class='ocrx_word' id='word_1_190' title='bbox 589 2127 648 2186; x_wconf 89' lang='lat' dir='ltr'><strong>sub</strong></span> <span class='ocrx_word' id='word_1_191' title='bbox 666 2126 778 2187; x_wconf 79' lang='lat' dir='ltr'><strong>linem:</strong></span> <span class='ocrx_word' id='word_1_192' title='bbox 801 2125 840 2205; x_wconf 82' lang='grc' dir='ltr'>μή</span> <span class='ocrx_word' id='word_1_193' title='bbox 852 2110 997 2206; x_wconf 58' lang='lat' dir='ltr'><strong>pistorii</strong></span> <span class='ocrx_word' id='word_1_194' title='bbox 1006 2121 1122 2205; x_wconf 73' lang='grc' dir='ltr'><strong><em>βάθος,</em></strong></span> <span class='ocrx_word' id='word_1_195' title='bbox 1140 2114 1170 2189; x_wconf 79' lang='lat' dir='ltr'><strong>ni</strong></span> <span class='ocrx_word' id='word_1_196' title='bbox 1179 2120 1276 2211; x_wconf 64' lang='grc' dir='ltr'><strong><em>’γοθδ</em></strong></span> 
     </span>
     <span class='ocr_line' id='line_1_23' title="bbox 172 2204 1276 2297; baseline -0.004 -18"><span class='ocrx_word' id='word_1_197' title='bbox 172 2210 234 2279; x_wconf 79' lang='lat' dir='ltr'><strong>‹itt&#39;</strong></span> <span class='ocrx_word' id='word_1_198' title='bbox 256 2212 331 2279; x_wconf 79' lang='grc' dir='ltr'><strong><em>ὅσον</em></strong></span> <span class='ocrx_word' id='word_1_199' title='bbox 348 2213 379 2286; x_wconf 76' lang='grc' dir='ltr'><strong>ἐς</strong></span> <span class='ocrx_word' id='word_1_200' title='bbox 392 2215 552 2294; x_wconf 78' lang='grc' dir='ltr'><strong><em>βουβῶνας</em></strong></span> <span class='ocrx_word' id='word_1_201' title='bbox 571 2207 702 2293; x_wconf 76' lang='grc' dir='ltr'><strong><em>ἐπεμβὰς</em></strong></span> <span class='ocrx_word' id='word_1_202' title='bbox 722 2204 824 2291; x_wconf 73' lang='grc' dir='ltr'><strong><em>ὀλίγον</em></strong></span> <span class='ocrx_word' id='word_1_203' title='bbox 843 2207 903 2292; x_wconf 87' lang='grc' dir='ltr'><strong>πρό</strong></span> <span class='ocrx_word' id='word_1_204' title='bbox 926 2215 982 2289; x_wconf 77' lang='grc' dir='ltr'><strong>τῆς</strong></span> <span class='ocrx_word' id='word_1_205' title='bbox 996 2204 1276 2297; x_wconf 60' lang='lat' dir='ltr'><strong>sepuitorem.</strong></span> 
     </span>
     <span class='ocr_line' id='line_1_24' title="bbox 172 2292 1277 2377; baseline -0.004 -18"><span class='ocrx_word' id='word_1_206' title='bbox 172 2300 239 2365; x_wconf 89' lang='lat' dir='ltr'><strong>Ubi</strong></span> <span class='ocrx_word' id='word_1_207' title='bbox 257 2296 373 2358; x_wconf 86' lang='lat' dir='ltr'><strong>itidem</strong></span> <span class='ocrx_word' id='word_1_208' title='bbox 396 2296 430 2353; x_wconf 91' lang='lat' dir='ltr'><strong>in</strong></span> <span class='ocrx_word' id='word_1_209' title='bbox 447 2296 512 2354; x_wconf 88' lang='lat' dir='ltr'><strong>Ms.</strong></span> <span class='ocrx_word' id='word_1_210' title='bbox 528 2296 648 2377; x_wconf 85' lang='lat' dir='ltr'><strong>legitur</strong></span> <span class='ocrx_word' id='word_1_211' title='bbox 669 2293 847 2377; x_wconf 67' lang='lat' dir='ltr'><strong>supersim</strong></span> <span class='ocrx_word' id='word_1_212' title='bbox 869 2315 927 2375; x_wconf 90' lang='lat' dir='ltr'><strong>pro</strong></span> <span class='ocrx_word' id='word_1_213' title='bbox 951 2292 1077 2353; x_wconf 90' lang='lat' dir='ltr'><strong>duobus</strong></span> <span class='ocrx_word' id='word_1_214' title='bbox 1099 2294 1277 2377; x_wconf 83' lang='lat' dir='ltr'><strong>postremis</strong></span> 
     </span>
     <span class='ocr_line' id='line_1_25' title="bbox 172 2378 1278 2461; baseline -0.005 -15"><span class='ocrx_word' id='word_1_215' title='bbox 172 2384 287 2446; x_wconf 85' lang='lat' dir='ltr'><strong>verbis.</strong></span> <span class='ocrx_word' id='word_1_216' title='bbox 331 2378 526 2441; x_wconf 89' lang='lat' dir='ltr'><strong>Pronuntiat</strong></span> <span class='ocrx_word' id='word_1_217' title='bbox 546 2401 585 2439; x_wconf 86' lang='lat' dir='ltr'><strong>ex</strong></span> <span class='ocrx_word' id='word_1_218' title='bbox 605 2379 761 2439; x_wconf 78' lang='lat' dir='ltr'><strong>Eustatbio</strong></span> <span class='ocrx_word' id='word_1_219' title='bbox 789 2382 867 2440; x_wconf 83' lang='grc' dir='ltr'><strong><em>Τοη.</em></strong></span> <span class='ocrx_word' id='word_1_220' title='bbox 891 2379 1002 2454; x_wconf 81' lang='lat' dir='ltr'><strong>Faber,</strong></span> <span class='ocrx_word' id='word_1_221' title='bbox 1026 2382 1198 2461; x_wconf 84' lang='lat' dir='ltr'><strong>vulgatssn</strong></span> <span class='ocrx_word' id='word_1_222' title='bbox 1212 2400 1278 2443; x_wconf 83' lang='lat' dir='ltr'><strong>ests</strong></span> 
     </span>
     <span class='ocr_line' id='line_1_26' title="bbox 173 2461 1276 2553; baseline -0.002 -26"><span class='ocrx_word' id='word_1_223' title='bbox 173 2474 339 2553; x_wconf 81' lang='lat' dir='ltr'><strong>glossema.</strong></span> <span class='ocrx_word' id='word_1_224' title='bbox 391 2461 499 2538; x_wconf 89' lang='lat' dir='ltr'><strong>Mihi,</strong></span> <span class='ocrx_word' id='word_1_225' title='bbox 531 2464 584 2522; x_wconf 91' lang='lat' dir='ltr'><strong>cui</strong></span> <span class='ocrx_word' id='word_1_226' title='bbox 603 2462 775 2524; x_wconf 80' lang='lat' dir='ltr'><strong>Eussutbius</strong></span> <span class='ocrx_word' id='word_1_227' title='bbox 797 2464 835 2523; x_wconf 86' lang='lat' dir='ltr'><strong>sd</strong></span> <span class='ocrx_word' id='word_1_228' title='bbox 866 2484 992 2522; x_wconf 83' lang='lat' dir='ltr'><strong>manum</strong></span> <span class='ocrx_word' id='word_1_229' title='bbox 1015 2470 1104 2523; x_wconf 82' lang='lat' dir='ltr'><strong>nunc</strong></span> <span class='ocrx_word' id='word_1_230' title='bbox 1126 2466 1198 2525; x_wconf 82' lang='lat' dir='ltr'><strong>non</strong></span> <span class='ocrx_word' id='word_1_231' title='bbox 1220 2476 1276 2545; x_wconf 86' lang='lat' dir='ltr'><strong>sat,</strong></span> 
     </span>
     <span class='ocr_line' id='line_1_27' title="bbox 172 2546 1278 2629; baseline -0.002 -15"><span class='ocrx_word' id='word_1_232' title='bbox 172 2550 316 2614; x_wconf 88' lang='lat' dir='ltr'><strong>nondum</strong></span> <span class='ocrx_word' id='word_1_233' title='bbox 329 2550 444 2629; x_wconf 87' lang='lat' dir='ltr'><strong>liquet.</strong></span> <span class='ocrx_word' id='word_1_234' title='bbox 477 2548 587 2607; x_wconf 90' lang='lat' dir='ltr'><strong>Locus</strong></span> <span class='ocrx_word' id='word_1_235' title='bbox 604 2568 620 2607; x_wconf 84' lang='lat' dir='ltr'><strong>s</strong></span> <span class='ocrx_word' id='word_1_236' title='bbox 639 2547 761 2609; x_wconf 85' lang='lat' dir='ltr'><strong>Graevio</strong></span> <span class='ocrx_word' id='word_1_237' title='bbox 774 2548 924 2608; x_wconf 82' lang='lat' dir='ltr'><strong>lantlatus</strong></span> <span class='ocrx_word' id='word_1_238' title='bbox 941 2568 1008 2608; x_wconf 87' lang='lat' dir='ltr'><strong>non</strong></span> <span class='ocrx_word' id='word_1_239' title='bbox 1024 2546 1057 2604; x_wconf 89' lang='lat' dir='ltr'><strong>in</strong></span> <span class='ocrx_word' id='word_1_240' title='bbox 1071 2546 1217 2629; x_wconf 88' lang='lat' dir='ltr'><strong>Cataplo</strong></span> <span class='ocrx_word' id='word_1_241' title='bbox 1231 2568 1278 2611; x_wconf 80' lang='lat' dir='ltr'><strong>rs·</strong></span> 
     </span>
     <span class='ocr_line' id='line_1_28' title="bbox 172 2629 1278 2719; baseline -0.003 -23"><span class='ocrx_word' id='word_1_242' title='bbox 172 2636 313 2719; x_wconf 89' lang='lat' dir='ltr'><strong>peritur,</strong></span> <span class='ocrx_word' id='word_1_243' title='bbox 337 2631 393 2693; x_wconf 88' lang='lat' dir='ltr'><strong>sed</strong></span> <span class='ocrx_word' id='word_1_244' title='bbox 414 2632 449 2690; x_wconf 90' lang='lat' dir='ltr'><strong>in</strong></span> <span class='ocrx_word' id='word_1_245' title='bbox 464 2631 624 2716; x_wconf 80' lang='lat' dir='ltr'><strong>Navigios</strong></span> <span class='ocrx_word' id='word_1_246' title='bbox 646 2655 755 2695; x_wconf 89' lang='lat' dir='ltr'><strong>verum</strong></span> <span class='ocrx_word' id='word_1_247' title='bbox 779 2634 813 2692; x_wconf 91' lang='lat' dir='ltr'><strong>in</strong></span> <span class='ocrx_word' id='word_1_248' title='bbox 829 2654 867 2693; x_wconf 80' lang='lat' dir='ltr'><strong>eo</strong></span> <span class='ocrx_word' id='word_1_249' title='bbox 890 2631 975 2691; x_wconf 90' lang='lat' dir='ltr'><strong>nibil</strong></span> <span class='ocrx_word' id='word_1_250' title='bbox 990 2629 1106 2707; x_wconf 85' lang='lat' dir='ltr'><strong>video,</strong></span> <span class='ocrx_word' id='word_1_251' title='bbox 1132 2630 1278 2715; x_wconf 73' lang='lat' dir='ltr'><strong>quodie</strong></span> 
     </span>
     <span class='ocr_line' id='line_1_29' title="bbox 171 2714 1289 2800; baseline -0.004 -18"><span class='ocrx_word' id='word_1_252' title='bbox 171 2722 282 2783; x_wconf 87' lang='lat' dir='ltr'><strong>littore</strong></span> <span class='ocrx_word' id='word_1_253' title='bbox 299 2715 443 2799; x_wconf 82' lang='lat' dir='ltr'><strong>intelligi</strong></span> <span class='ocrx_word' id='word_1_254' title='bbox 457 2716 639 2800; x_wconf 74' lang='grc' dir='ltr'><strong><em>κυματωγὴν</em></strong></span> <span class='ocrx_word' id='word_1_255' title='bbox 650 2731 755 2799; x_wconf 80' lang='lat' dir='ltr'><strong>cogat.</strong></span> <span class='ocrx_word' id='word_1_256' title='bbox 792 2716 934 2778; x_wconf 87' lang='lat' dir='ltr'><strong>Aliunde</strong></span> <span class='ocrx_word' id='word_1_257' title='bbox 948 2715 1065 2777; x_wconf 88' lang='lat' dir='ltr'><strong>habere</strong></span> <span class='ocrx_word' id='word_1_258' title='bbox 1078 2714 1168 2777; x_wconf 88' lang='lat' dir='ltr'><strong>bane</strong></span> <span class='ocrx_word' id='word_1_259' title='bbox 1181 2714 1289 2795; x_wconf 23' lang='lat' dir='ltr'><strong>subn-¹</strong></span> 
     </span>
     <span class='ocr_line' id='line_1_30' title="bbox 171 2798 1277 2883; baseline -0.008 -17"><span class='ocrx_word' id='word_1_260' title='bbox 171 2809 235 2866; x_wconf 86' lang='lat' dir='ltr'><strong>lam</strong></span> <span class='ocrx_word' id='word_1_261' title='bbox 246 2802 394 2866; x_wconf 81' lang='lat' dir='ltr'><strong>Aelianus</strong></span> <span class='ocrx_word' id='word_1_262' title='bbox 408 2800 552 2882; x_wconf 82' lang='lat' dir='ltr'><strong>videtur,</strong></span> <span class='ocrx_word' id='word_1_263' title='bbox 577 2802 634 2883; x_wconf 93' lang='lat' dir='ltr'><strong>qui</strong></span> <span class='ocrx_word' id='word_1_264' title='bbox 648 2802 747 2879; x_wconf 84' lang='lat' dir='ltr'>XIII,</span> <span class='ocrx_word' id='word_1_265' title='bbox 767 2798 815 2871; x_wconf 76' lang='lat'><strong>15&#39;.</strong></span> <span class='ocrx_word' id='word_1_266' title='bbox 830 2803 906 2863; x_wconf 86' lang='lat' dir='ltr'><strong>Vsr.</strong></span> <span class='ocrx_word' id='word_1_267' title='bbox 921 2800 1005 2861; x_wconf 89' lang='lat' dir='ltr'><strong>Hist.</strong></span> <span class='ocrx_word' id='word_1_268' title='bbox 1022 2820 1143 2861; x_wconf 85' lang='lat' dir='ltr'><strong>nornen</strong></span> <span class='ocrx_word' id='word_1_269' title='bbox 1155 2800 1219 2863; x_wconf 87' lang='lat' dir='ltr'><strong>isti</strong></span> <span class='ocrx_word' id='word_1_270' title='bbox 1230 2800 1277 2861; x_wconf 80' lang='lat' dir='ltr'><strong>fs.</strong></span> 
     </span>
     <span class='ocr_line' id='line_1_31' title="bbox 172 2880 1278 2968; baseline 0 -19"><span class='ocrx_word' id='word_1_271' title='bbox 172 2904 231 2949; x_wconf 84' lang='lat' dir='ltr'><strong>tuo</strong></span> <span class='ocrx_word' id='word_1_272' title='bbox 250 2888 331 2948; x_wconf 83' lang='lat' dir='ltr'><strong>facit</strong></span> <span class='ocrx_word' id='word_1_273' title='bbox 347 2890 531 2951; x_wconf 81' lang='grc' dir='ltr'><strong><em>Κοικυλίων.</em></strong></span> <span class='ocrx_word' id='word_1_274' title='bbox 577 2888 616 2947; x_wconf 92' lang='lat' dir='ltr'><strong>G.</strong></span> <span class='ocrx_word' id='word_1_275' title='bbox 632 2888 681 2947; x_wconf 87' lang='grc' dir='ltr'><strong>Μ.</strong></span> <span class='ocrx_word' id='word_1_276' title='bbox 698 2888 734 2945; x_wconf 91' lang='lat' dir='ltr'><strong>P.</strong></span> <span class='ocrx_word' id='word_1_277' title='bbox 750 2900 784 2949; x_wconf 92' lang='lat' dir='ltr'><strong>et</strong></span> <span class='ocrx_word' id='word_1_278' title='bbox 801 2889 842 2947; x_wconf 89' lang='lat' dir='ltr'><strong>L.</strong></span> <span class='ocrx_word' id='word_1_279' title='bbox 856 2880 1037 2968; x_wconf 77' lang='grc' dir='ltr'><strong><em>κυματωγὴν</em></strong></span> <span class='ocrx_word' id='word_1_280' title='bbox 1053 2884 1198 2961; x_wconf 76' lang='lat' dir='ltr'><strong>babent3</strong></span> <span class='ocrx_word' id='word_1_281' title='bbox 1222 2882 1278 2949; x_wconf 81' lang='lat' dir='ltr'><strong>sstl</strong></span> 
     </span>
     <span class='ocr_line' id='line_1_32' title="bbox 172 2970 1277 3056; baseline 0 -23"><span class='ocrx_word' id='word_1_282' title='bbox 172 2975 208 3033; x_wconf 90' lang='lat' dir='ltr'><strong>in</strong></span> <span class='ocrx_word' id='word_1_283' title='bbox 224 2975 274 3034; x_wconf 87' lang='grc' dir='ltr'><strong>Μ.</strong></span> <span class='ocrx_word' id='word_1_284' title='bbox 292 2993 385 3056; x_wconf 90' lang='lat' dir='ltr'><strong>quem</strong></span> <span class='ocrx_word' id='word_1_285' title='bbox 401 2975 502 3030; x_wconf 85' lang='lat' dir='ltr'><strong>solum</strong></span> <span class='ocrx_word' id='word_1_286' title='bbox 523 2972 593 3049; x_wconf 89' lang='lat' dir='ltr'><strong>ipse</strong></span> <span class='ocrx_word' id='word_1_287' title='bbox 607 2972 754 3053; x_wconf 84' lang='lat' dir='ltr'><strong>inspexi,</strong></span> <span class='ocrx_word' id='word_1_288' title='bbox 777 2974 866 3055; x_wconf 92' lang='lat' dir='ltr'><strong>prius</strong></span> <span class='ocrx_word' id='word_1_289' title='bbox 882 2972 987 3032; x_wconf 84' lang='lat' dir='ltr'><strong>fuerat</strong></span> <span class='ocrx_word' id='word_1_290' title='bbox 1000 2974 1176 3053; x_wconf 73' lang='lat' dir='ltr'><strong>uupurwiri·</strong></span> <span class='ocrx_word' id='word_1_291' title='bbox 1209 2970 1277 3033; x_wconf 82' lang='lat' dir='ltr'><strong>Pa-</strong></span> 
     </span>
     <span class='ocr_line' id='line_1_33' title="bbox 172 3050 1279 3143; baseline -0.003 -25"><span class='ocrx_word' id='word_1_292' title='bbox 172 3058 265 3143; x_wconf 74' lang='lat' dir='ltr'><strong>lyaen.</strong></span> <span class='ocrx_word' id='word_1_293' title='bbox 288 3053 373 3137; x_wconf 73' lang='grc' dir='ltr'><strong><em>παρὰ</em></strong></span> <span class='ocrx_word' id='word_1_294' title='bbox 395 3050 452 3135; x_wconf 74' lang='grc' dir='ltr'><strong><em>τὴν</em></strong></span> <span class='ocrx_word' id='word_1_295' title='bbox 473 3052 566 3132; x_wconf 74' lang='grc' dir='ltr'><strong><em>ἠϊόνα</em></strong></span> <span class='ocrx_word' id='word_1_296' title='bbox 585 3058 718 3133; x_wconf 79' lang='grc' dir='ltr'><strong><em>παίζειν,</em></strong></span> <span class='ocrx_word' id='word_1_297' title='bbox 741 3057 837 3119; x_wconf 87' lang='lat' dir='ltr'><strong>Strat.</strong></span> <span class='ocrx_word' id='word_1_298' title='bbox 853 3055 880 3115; x_wconf 85' lang='grc' dir='ltr'><strong>Ι.</strong></span> <span class='ocrx_word' id='word_1_299' title='bbox 898 3077 931 3136; x_wconf 90' lang='lat' dir='ltr'><strong>p.</strong></span> <span class='ocrx_word' id='word_1_300' title='bbox 948 3062 998 3122; x_wconf 82' lang='lat'><strong>28.</strong></span> <span class='ocrx_word' id='word_1_301' title='bbox 1024 3055 1155 3118; x_wconf 78' lang='lat' dir='ltr'><strong>Sonsrt.</strong></span> <span class='ocrx_word' id='word_1_302' title='bbox 1204 3062 1279 3121; x_wconf 78' lang='grc' dir='ltr'><strong>Κυ-</strong></span> 
     </span>
     <span class='ocr_line' id='line_1_34' title="bbox 171 3138 1278 3224; baseline -0.002 -21"><span class='ocrx_word' id='word_1_303' title='bbox 171 3138 331 3224; x_wconf 77' lang='grc' dir='ltr'><strong><em>ματωγὴν)</em></strong></span> <span class='ocrx_word' id='word_1_304' title='bbox 353 3139 424 3200; x_wconf 90' lang='lat' dir='ltr'><strong>Etsi</strong></span> <span class='ocrx_word' id='word_1_305' title='bbox 440 3138 569 3200; x_wconf 80' lang='lat' dir='ltr'><strong>Solanru</strong></span> <span class='ocrx_word' id='word_1_306' title='bbox 582 3139 773 3200; x_wconf 88' lang='lat' dir='ltr'><strong>Editionum</strong></span> <span class='ocrx_word' id='word_1_307' title='bbox 789 3139 960 3203; x_wconf 83' lang='lat' dir='ltr'><strong>lectionem</strong></span> <span class='ocrx_word' id='word_1_308' title='bbox 974 3138 1136 3222; x_wconf 78' lang='grc' dir='ltr'><strong><em>κυματώδη</em></strong></span> <span class='ocrx_word' id='word_1_309' title='bbox 1150 3138 1278 3203; x_wconf 79' lang='lat' dir='ltr'><strong>servari</strong></span> 
     </span>
     <span class='ocr_line' id='line_1_35' title="bbox 171 3220 1278 3308; baseline 0.001 -22"><span class='ocrx_word' id='word_1_310' title='bbox 171 3224 334 3301; x_wconf 84' lang='lat' dir='ltr'><strong>maluerit,</strong></span> <span class='ocrx_word' id='word_1_311' title='bbox 359 3244 419 3307; x_wconf 80' lang='lat' dir='ltr'><strong>ego</strong></span> <span class='ocrx_word' id='word_1_312' title='bbox 437 3220 492 3282; x_wconf 85' lang='lat' dir='ltr'><strong>hic</strong></span> <span class='ocrx_word' id='word_1_313' title='bbox 510 3222 634 3285; x_wconf 75' lang='lat' dir='ltr'><strong>Graevio</strong></span> <span class='ocrx_word' id='word_1_314' title='bbox 652 3238 683 3285; x_wconf 88' lang='lat' dir='ltr'><strong>et</strong></span> <span class='ocrx_word' id='word_1_315' title='bbox 697 3226 840 3308; x_wconf 89' lang='lat' dir='ltr'><strong>quinque</strong></span> <span class='ocrx_word' id='word_1_316' title='bbox 855 3225 937 3287; x_wconf 87' lang='lat' dir='ltr'><strong>Mas.</strong></span> <span class='ocrx_word' id='word_1_317' title='bbox 953 3225 1063 3305; x_wconf 90' lang='lat' dir='ltr'><strong>potius</strong></span> <span class='ocrx_word' id='word_1_318' title='bbox 1080 3222 1278 3303; x_wconf 75' lang='lat' dir='ltr'><strong>auscultavi,</strong></span> 
     </span>
     <span class='ocr_line' id='line_1_36' title="bbox 171 3304 1278 3395; baseline 0.004 -24"><span class='ocrx_word' id='word_1_319' title='bbox 171 3310 250 3372; x_wconf 82' lang='lat' dir='ltr'><strong>licet</strong></span> <span class='ocrx_word' id='word_1_320' title='bbox 262 3313 448 3369; x_wconf 88' lang='lat' dir='ltr'><strong>alterutrum</strong></span> <span class='ocrx_word' id='word_1_321' title='bbox 463 3328 523 3387; x_wconf 88' lang='lat' dir='ltr'><strong>pro</strong></span> <span class='ocrx_word' id='word_1_322' title='bbox 540 3312 729 3392; x_wconf 79' lang='lat' dir='ltr'><strong>glossemate</strong></span> <span class='ocrx_word' id='word_1_323' title='bbox 744 3311 847 3391; x_wconf 89' lang='lat' dir='ltr'><strong>possit</strong></span> <span class='ocrx_word' id='word_1_324' title='bbox 859 3308 988 3387; x_wconf 84' lang='lat' dir='ltr'><strong>haberi,</strong></span> <span class='ocrx_word' id='word_1_325' title='bbox 1011 3322 1049 3370; x_wconf 90' lang='lat' dir='ltr'><strong>nt</strong></span> <span class='ocrx_word' id='word_1_326' title='bbox 1063 3308 1112 3373; x_wconf 73' lang='grc' dir='ltr'><strong>ἐπὶ</strong></span> <span class='ocrx_word' id='word_1_327' title='bbox 1124 3304 1166 3395; x_wconf 68' lang='grc' dir='ltr'><strong>τῇ</strong></span> <span class='ocrx_word' id='word_1_328' title='bbox 1177 3304 1278 3391; x_wconf 70' lang='grc' dir='ltr'><strong><em>ἠϊόνι,</em></strong></span> 
     </span>
     <span class='ocr_line' id='line_1_37' title="bbox 172 3389 1279 3477; baseline -0.002 -24"><span class='ocrx_word' id='word_1_329' title='bbox 172 3410 228 3455; x_wconf 88' lang='lat' dir='ltr'><strong>ant</strong></span> <span class='ocrx_word' id='word_1_330' title='bbox 245 3395 294 3458; x_wconf 72' lang='lat' dir='ltr'><strong>iul</strong></span> <span class='ocrx_word' id='word_1_331' title='bbox 305 3392 359 3473; x_wconf 80' lang='grc' dir='ltr'><strong><em>τὴν</em></strong></span> <span class='ocrx_word' id='word_1_332' title='bbox 374 3389 557 3475; x_wconf 72' lang='grc' dir='ltr'><strong><em>κυματωγὴν</em></strong></span> <span class='ocrx_word' id='word_1_333' title='bbox 571 3390 765 3472; x_wconf 86' lang='lat' dir='ltr'><strong>superfluum</strong></span> <span class='ocrx_word' id='word_1_334' title='bbox 788 3394 842 3456; x_wconf 87' lang='lat' dir='ltr'><strong>sit.</strong></span> <span class='ocrx_word' id='word_1_335' title='bbox 865 3394 989 3454; x_wconf 83' lang='lat' dir='ltr'><strong>Rnrrz.</strong></span> <span class='ocrx_word' id='word_1_336' title='bbox 1033 3392 1154 3454; x_wconf 88' lang='lat' dir='ltr'><strong>Lectio</strong></span> <span class='ocrx_word' id='word_1_337' title='bbox 1170 3418 1279 3477; x_wconf 74' lang='grc' dir='ltr'><strong><em>κυμα-</em></strong></span> 
     </span>
     <span class='ocr_line' id='line_1_38' title="bbox 171 3475 1278 3561; baseline -0.002 -20"><span class='ocrx_word' id='word_1_338' title='bbox 171 3475 272 3559; x_wconf 73' lang='grc' dir='ltr'><strong><em>τωγὴν</em></strong></span> <span class='ocrx_word' id='word_1_339' title='bbox 286 3476 362 3537; x_wconf 91' lang='lat' dir='ltr'><strong>satis</strong></span> <span class='ocrx_word' id='word_1_340' title='bbox 376 3477 512 3536; x_wconf 82' lang='lat' dir='ltr'><strong>fulcitur</strong></span> <span class='ocrx_word' id='word_1_341' title='bbox 526 3475 657 3556; x_wconf 90' lang='lat' dir='ltr'><strong>optimis</strong></span> <span class='ocrx_word' id='word_1_342' title='bbox 673 3476 886 3550; x_wconf 86' lang='lat' dir='ltr'><strong>testimoniis,</strong></span> <span class='ocrx_word' id='word_1_343' title='bbox 910 3493 942 3538; x_wconf 88' lang='lat' dir='ltr'><strong>et</strong></span> <span class='ocrx_word' id='word_1_344' title='bbox 961 3478 1002 3537; x_wconf 91' lang='lat' dir='ltr'><strong>iis</strong></span> <span class='ocrx_word' id='word_1_345' title='bbox 1018 3497 1166 3561; x_wconf 88' lang='lat' dir='ltr'><strong>qnoque,</strong></span> <span class='ocrx_word' id='word_1_346' title='bbox 1216 3498 1278 3539; x_wconf 83' lang='lat' dir='ltr'><strong>uss</strong></span> 
     </span>
     <span class='ocr_line' id='line_1_39' title="bbox 173 3498 1277 3641; baseline 0.003 -19"><span class='ocrx_word' id='word_1_347' title='bbox 173 3563 213 3622; x_wconf 82' lang='lat' dir='ltr'><strong>sd</strong></span> <span class='ocrx_word' id='word_1_348' title='bbox 226 3561 372 3622; x_wconf 88' lang='lat' dir='ltr'><strong>Timonis</strong></span> <span class='ocrx_word' id='word_1_349' title='bbox 386 3565 408 3621; x_wconf 93' lang='lat' dir='ltr'><strong>l.</strong></span> <span class='ocrx_word' id='word_1_350' title='bbox 422 3565 444 3623; x_wconf 97' lang='lat' dir='ltr'><strong>l.</strong></span> <span class='ocrx_word' id='word_1_351' title='bbox 460 3561 499 3620; x_wconf 83' lang='lat' dir='ltr'><strong>eb</strong></span> <span class='ocrx_word' id='word_1_352' title='bbox 515 3559 736 3619; x_wconf 76' lang='lat' dir='ltr'><strong>Hemsterlrusio</strong></span> <span class='ocrx_word' id='word_1_353' title='bbox 749 3561 902 3641; x_wconf 87' lang='lat' dir='ltr'><strong>imprimis</strong></span> <span class='ocrx_word' id='word_1_354' title='bbox 918 3576 950 3624; x_wconf 90' lang='lat' dir='ltr'><strong>et</strong></span> <span class='ocrx_word' id='word_1_355' title='bbox 965 3566 1042 3624; x_wconf 83' lang='lat' dir='ltr'><strong>Tan.</strong></span> <span class='ocrx_word' id='word_1_356' title='bbox 1053 3560 1154 3623; x_wconf 83' lang='lat' dir='ltr'><strong>Fabro</strong></span> <span class='ocrx_word' id='word_1_357' title='bbox 1170 3498 1277 3625; x_wconf 65' lang='lat' dir='ltr'><strong>sino·</strong></span> 
     </span>
     <span class='ocr_line' id='line_1_40' title="bbox 171 3642 1277 3733; baseline -0.005 -26"><span class='ocrx_word' id='word_1_358' title='bbox 171 3661 239 3707; x_wconf 86' lang='lat' dir='ltr'><strong>tata</strong></span> <span class='ocrx_word' id='word_1_359' title='bbox 251 3661 338 3709; x_wconf 91' lang='lat' dir='ltr'><strong>sunt.</strong></span> <span class='ocrx_word' id='word_1_360' title='bbox 383 3647 581 3705; x_wconf 83' lang='lat' dir='ltr'><strong>Alterutrum</strong></span> <span class='ocrx_word' id='word_1_361' title='bbox 596 3663 671 3703; x_wconf 90' lang='lat' dir='ltr'><strong>vero</strong></span> <span class='ocrx_word' id='word_1_362' title='bbox 685 3642 817 3705; x_wconf 86' lang='lat' dir='ltr'><strong>borum:</strong></span> <span class='ocrx_word' id='word_1_363' title='bbox 839 3647 887 3711; x_wconf 80' lang='grc' dir='ltr'><strong>ἐπὶ</strong></span> <span class='ocrx_word' id='word_1_364' title='bbox 899 3653 937 3733; x_wconf 71' lang='grc' dir='ltr'><strong>τῇ</strong></span> <span class='ocrx_word' id='word_1_365' title='bbox 946 3642 1029 3727; x_wconf 75' lang='grc' dir='ltr'><strong><em>ἠϊόνι</em></strong></span> <span class='ocrx_word' id='word_1_366' title='bbox 1043 3660 1074 3708; x_wconf 88' lang='lat' dir='ltr'><strong>et</strong></span> <span class='ocrx_word' id='word_1_367' title='bbox 1089 3647 1138 3711; x_wconf 70' lang='lat' dir='ltr'><strong>iul</strong></span> <span class='ocrx_word' id='word_1_368' title='bbox 1150 3646 1210 3729; x_wconf 65' lang='grc' dir='ltr'><strong>τὴν</strong></span> <span class='ocrx_word' id='word_1_369' title='bbox 1220 3672 1277 3713; x_wconf 67' lang='lat' dir='ltr'><strong>m.</strong></span> 
     </span>
     <span class='ocr_line' id='line_1_41' title="bbox 171 3725 1277 3815; baseline 0.005 -25"><span class='ocrx_word' id='word_1_370' title='bbox 171 3730 331 3814; x_wconf 76' lang='grc' dir='ltr'><strong><em>μαιωγὴυ,</em></strong></span> <span class='ocrx_word' id='word_1_371' title='bbox 356 3725 551 3808; x_wconf 89' lang='lat' dir='ltr'><strong>superfluum</strong></span> <span class='ocrx_word' id='word_1_372' title='bbox 569 3745 650 3805; x_wconf 82' lang='lat' dir='ltr'><strong>esse,</strong></span> <span class='ocrx_word' id='word_1_373' title='bbox 674 3740 721 3805; x_wconf 89' lang='lat' dir='ltr'><strong>et,</strong></span> <span class='ocrx_word' id='word_1_374' title='bbox 745 3741 783 3787; x_wconf 90' lang='lat' dir='ltr'><strong>ut</strong></span> <span class='ocrx_word' id='word_1_375' title='bbox 800 3726 940 3793; x_wconf 80' lang='lat' dir='ltr'><strong>Graevius</strong></span> <span class='ocrx_word' id='word_1_376' title='bbox 955 3733 1017 3808; x_wconf 92' lang='lat' dir='ltr'><strong>ait,</strong></span> <span class='ocrx_word' id='word_1_377' title='bbox 1040 3752 1099 3811; x_wconf 89' lang='lat' dir='ltr'><strong>pro</strong></span> <span class='ocrx_word' id='word_1_378' title='bbox 1112 3730 1277 3815; x_wconf 78' lang='lat' dir='ltr'><strong>interpro-</strong></span> 
     </span>
     <span class='ocr_line' id='line_1_42' title="bbox 171 3809 1276 3899; baseline 0.004 -24"><span class='ocrx_word' id='word_1_379' title='bbox 171 3817 297 3876; x_wconf 84' lang='lat' dir='ltr'><strong>tatione</strong></span> <span class='ocrx_word' id='word_1_380' title='bbox 316 3811 462 3895; x_wconf 81' lang='lat' dir='ltr'><strong>magistri</strong></span> <span class='ocrx_word' id='word_1_381' title='bbox 482 3809 683 3888; x_wconf 79' lang='lat' dir='ltr'><strong>babendum,</strong></span> <span class='ocrx_word' id='word_1_382' title='bbox 707 3826 774 3872; x_wconf 88' lang='lat' dir='ltr'><strong>tum</strong></span> <span class='ocrx_word' id='word_1_383' title='bbox 794 3813 938 3878; x_wconf 85' lang='lat' dir='ltr'><strong>lubenter</strong></span> <span class='ocrx_word' id='word_1_384' title='bbox 957 3813 1147 3892; x_wconf 79' lang='lat' dir='ltr'><strong>concedam,</strong></span> <span class='ocrx_word' id='word_1_385' title='bbox 1170 3824 1276 3899; x_wconf 82' lang='lat' dir='ltr'><strong>quitus</strong></span> 
     </span>
     <span class='ocr_line' id='line_1_43' title="bbox 171 3891 1278 3983; baseline -0.005 -24"><span class='ocrx_word' id='word_1_386' title='bbox 171 3904 224 3961; x_wconf 85' lang='lat' dir='ltr'><strong>vel</strong></span> <span class='ocrx_word' id='word_1_387' title='bbox 239 3898 490 3959; x_wconf 87' lang='lat' dir='ltr'><strong>demonstratum</strong></span> <span class='ocrx_word' id='word_1_388' title='bbox 506 3895 608 3955; x_wconf 82' lang='lat' dir='ltr'><strong>fuerit</strong></span> <span class='ocrx_word' id='word_1_389' title='bbox 621 3891 699 3977; x_wconf 70' lang='grc' dir='ltr'><strong><em>ἧίὀόν</em></strong></span> <span class='ocrx_word' id='word_1_390' title='bbox 719 3911 753 3958; x_wconf 90' lang='lat' dir='ltr'><strong>et</strong></span> <span class='ocrx_word' id='word_1_391' title='bbox 768 3896 928 3983; x_wconf 77' lang='grc' dir='ltr'><strong><em>κυματωγὴ</em></strong></span> <span class='ocrx_word' id='word_1_392' title='bbox 947 3899 1026 3961; x_wconf 87' lang='lat' dir='ltr'><strong>adso</strong></span> <span class='ocrx_word' id='word_1_393' title='bbox 1044 3897 1126 3961; x_wconf 83' lang='lat' dir='ltr'><strong>idern</strong></span> <span class='ocrx_word' id='word_1_394' title='bbox 1140 3898 1278 3983; x_wconf 74' lang='lat' dir='ltr'><strong>signiti-</strong></span> 
     </span>
     <span class='ocr_line' id='line_1_44' title="bbox 172 3978 1277 4067; baseline 0 -22"><span class='ocrx_word' id='word_1_395' title='bbox 172 4006 261 4061; x_wconf 87' lang='lat' dir='ltr'><strong>eare,</strong></span> <span class='ocrx_word' id='word_1_396' title='bbox 283 3980 371 4042; x_wconf 88' lang='lat' dir='ltr'><strong>utin</strong></span> <span class='ocrx_word' id='word_1_397' title='bbox 392 4000 459 4040; x_wconf 90' lang='lat' dir='ltr'><strong>uno</strong></span> <span class='ocrx_word' id='word_1_398' title='bbox 482 3978 660 4062; x_wconf 86' lang='lat' dir='ltr'><strong>eodemque</strong></span> <span class='ocrx_word' id='word_1_399' title='bbox 679 3986 755 4041; x_wconf 83' lang='lat' dir='ltr'><strong>loco</strong></span> <span class='ocrx_word' id='word_1_400' title='bbox 776 3995 945 4065; x_wconf 88' lang='lat' dir='ltr'><strong>utrumque</strong></span> <span class='ocrx_word' id='word_1_401' title='bbox 965 3983 1045 4064; x_wconf 91' lang='lat' dir='ltr'><strong>poni</strong></span> <span class='ocrx_word' id='word_1_402' title='bbox 1067 4004 1135 4043; x_wconf 89' lang='lat' dir='ltr'><strong>non</strong></span> <span class='ocrx_word' id='word_1_403' title='bbox 1151 3984 1277 4067; x_wconf 83' lang='lat' dir='ltr'><strong>possit,</strong></span> 
     </span>
     <span class='ocr_line' id='line_1_45' title="bbox 171 4063 1281 4154; baseline 0.002 -23"><span class='ocrx_word' id='word_1_404' title='bbox 171 4072 225 4131; x_wconf 83' lang='lat' dir='ltr'><strong>rel</strong></span> <span class='ocrx_word' id='word_1_405' title='bbox 239 4065 336 4130; x_wconf 86' lang='lat' dir='ltr'><strong>etism</strong></span> <span class='ocrx_word' id='word_1_406' title='bbox 362 4065 577 4148; x_wconf 75' lang='lat' dir='ltr'><strong>explicatum,</strong></span> <span class='ocrx_word' id='word_1_407' title='bbox 601 4065 658 4151; x_wconf 90' lang='lat' dir='ltr'><strong>qui</strong></span> <span class='ocrx_word' id='word_1_408' title='bbox 674 4063 744 4127; x_wconf 83' lang='lat' dir='ltr'><strong>fieri</strong></span> <span class='ocrx_word' id='word_1_409' title='bbox 765 4064 928 4149; x_wconf 79' lang='lat' dir='ltr'><strong>potnerit,</strong></span> <span class='ocrx_word' id='word_1_410' title='bbox 951 4080 988 4130; x_wconf 88' lang='lat' dir='ltr'><strong>nt</strong></span> <span class='ocrx_word' id='word_1_411' title='bbox 1003 4090 1021 4131; x_wconf 80' lang='lat' dir='ltr'><strong>s</strong></span> <span class='ocrx_word' id='word_1_412' title='bbox 1034 4072 1213 4154; x_wconf 72' lang='lat' dir='ltr'><strong>glossatore</strong></span> <span class='ocrx_word' id='word_1_413' title='bbox 1226 4070 1281 4139; x_wconf 72' lang='grc' dir='ltr'><strong>διεδ</strong></span> 
     </span>
    </p>
   </div>
   <div class='ocr_carea' id='block_1_5' title="bbox 0 0 1322 4680">
    <p class='ocr_par' dir='ltr' id='par_1_5' title="bbox 0 0 1322 4680">
     <span class='ocr_line' id='line_1_46' title="bbox 0 0 1322 4680; baseline 0 0"><span class='ocrx_word' id='word_1_414' title='bbox 0 0 1322 4680; x_wconf 95' lang='lat' dir='ltr'><strong> </strong></span> 
     </span>
    </p>
   </div>
  </div>
 </body>
</html>
