2634 4680
159 284 238 361 &4
421 294 996 347 annorsrronas

163 450 264 513 nullis
279 444 364 509 Edd.
379 446 547 525 Πομπηΐου
561 444 699 522 πολίτης,
720 440 908 524 disjunctim
924 440 1103 523 scriptum,
1129 444 1187 503 vel
1201 440 1267 505 duo·

163 536 226 597 bus
240 550 345 593 tamen
358 527 552 591 accentibus.
596 526 637 587 Iu
652 526 735 588 Iam.
750 548 829 587 vero
843 540 928 587 recte
943 540 1036 601 erat,
1060 540 1104 585 ut
1118 524 1266 587 dedimus.

165 624 291 683 Rama.
336 614 390 675 Sic
404 614 501 673 etiam
515 612 550 670 irs
568 626 704 692 utraque
715 610 795 671 Ale.
819 608 894 673 vid.
909 608 1058 673 Holsten.
1073 606 1121 670 ad
1141 608 1267 693 &epira

166 708 247 785 Byr.
264 700 303 761 de
319 698 412 761 urbb.
426 718 456 779 p.
469 702 542 764 259.
558 693 590 759 b.
612 696 732 760 Lerni.

252 783 333 847 Eud.
345 786 367 845 l.
381 788 413 850 5.
438 781 696 861 Hopnni‘ovnoi.)
717 778 812 841 Duae
825 777 922 857 hujus
936 776 1093 839 nominis
1110 777 1211 843 urbes
1221 800 1268 841 me·

168 884 351 935 moranturr
375 870 470 925 altera
493 867 527 923 in
544 864 677 941 Cilicia,
697 863 733 923 iu
752 862 973 947 Paphlagonia
986 866 1111 929 altere.
1157 866 1215 927 De
1226 884 1267 948 pt-

169 955 297 1017 steriori
313 950 474 1033 intelligo.
503 948 631 1008 Sorax.

255 1036 332 1099 lind.
347 1040 370 1095 l.
379 1042 410 1101 9.
433 1040 678 1113 Κερκυραῖον-
690 1026 823 1111 ῥήτορα)
845 1028 1037 1091 Armenium
1055 1044 1223 1095 oratorem
1234 1030 1270 1092 it·

173 1123 279 1185 dicare
294 1118 439 1194 videtur,
464 1115 522 1200 qui
540 1138 559 1175 a
573 1116 730 1176 Romanis
747 1116 905 1174 auxilium
924 1112 1047 1175 iisdem
1064 1112 1185 1177 veritis
1195 1131 1269 1199 patc-

173 1222 240 1279 ret‚
255 1204 372 1288 quibus
389 1201 562 1281 Corcyraei
577 1198 663 1282 apud
680 1198 878 1279 Thucydidem
893 1196 932 1257 ab
947 1196 1269 1283 Athenieusihnepc·

174 1304 260 1355 tunt.
304 1286 379 1347 vid.
405 1283 536 1365 naq-d.
550 1289 572 1343 1.
588 1306 615 1343 c.
631 1298 679 1359 et,
703 1284 855 1359 silebat,
877 1282 958 1345 Pott.
974 1292 1159 1366 caparronia
1174 1280 1269 1369 μᾶιοξ.

173 1382 248 1445 239,
270 1373 398 1434 Sorax.
442 1367 517 1430 vid.
541 1367 674 1451 Thuryd.
691 1368 727 1441 Ι,
747 1376 800 1435 32.
820 1367 1034 1447 adscripserat
1050 1368 1202 1433 Somnus.
1235 1369 1269 1429 Et

176 1480 254 1523 mox
268 1456 308 1517 ad
324 1478 354 1517 v.
368 1476 433 1535 seq.
455 1451 522 1512 vid.
540 1451 673 1535 Huryd.
689 1451 742 1527 Il,
760 1460 811 1519 17.
853 1452 898 1511 Et
910 1464 988 1533 post
1003 1464 1076 1513 tres
1091 1474 1206 1515 versut
1219 1473 1270 1516 ror·

177 1566 247 1606 sum
267 1538 401 1626 nueyd.
413 1538 466 1615 ΙΙ,
482 1542 534 1605 48.
550 1556 665 1617 nempe
688 1533 728 1595 ad
752 1536 864 1599 verba:
893 1530 1155 1617 delatrantur
1168 1534 1268 1622 ἤρξω

179 1632 303 1691 Rcrrz.

266 1708 341 1774 End.
358 1712 382 1769 l.
398 1716 448 1775 10.
474 1706 679 1791 Νισιβηνοῖς)
699 1702 842 1783 Nisibis,
862 1702 953 1787 prius
971 1704 1166 1773 Antiochia
1178 1709 1270 1773 Μιοο·

182 1796 302 1859 doniae
325 1792 547 1875 (Mygdoniae)
568 1791 667 1865 dicta,
698 1794 781 1849 ultra
803 1788 991 1869 Euphraten
1014 1790 1087 1851 sita
1110 1808 1192 1857 erat.
1233 1792 1271 1853 ΠΙ

182 1884 246 1945 hae
265 1878 344 1941 urhe
365 1864 483 1961 Xiplil.
507 1877 543 1935 in
563 1878 651 1957 Traj.
671 1880 744 1941 249.
768 1890 802 1936 et
818 1878 891 1943 251.
907 1872 944 1937 C,
967 1886 1003 1933 et
1022 1874 1195 1957 Spanlm,
1214 1877 1270 1947 ωε,

183 1966 315 2031 Souara.
358 1963 433 2023 vid.
450 1960 549 2045 Steph.
562 1958 603 2023 de
624 1958 716 2025 urbb.
730 1958 765 2021 h.
781 1980 814 2023 v.
836 1957 950 2041 ibique
959 1956 1087 2023 Bal-el.
1102 1976 1140 2025 et
1152 1962 1269 2027 Halae.

211 2050 423 2117 ‚226.11en.

183 2074 208 2137 P
271 2132 348 2197 End.
363 2138 386 2195 1.
404 2138 453 2197 12.
475 2136 680 2214 Πελασγικοῦ)
701 2126 777 2192 Vid.
803 2125 938 2213 ΤΙιιιογᾶ·
959 2126 1014 2207 Π,
1035 2136 1092 2199 17.
1141 2130 1180 2193 ui
1199 2130 1271 2193 Mffl

187 2218 320 2283 duxisse
332 2216 545 2277 Athenienses
560 2214 755 2277 observatio
779 2236 818 2275 eo
832 2218 904 2273 loco
921 2232 1120 2297 quemquam
1159 2215 1270 2289 thitttt,

188 2324 282 2384 quern
298 2315 401 2361 tamon
421 2303 607 2381 scrupulum
627 2300 798 2361 necessitas
816 2294 997 2359 obsidionis
1012 2302 1157 2363 exemit.
1199 2296 1271 2361 All·

187 2388 270 2451 Plio.
284 2386 364 2459 Vll,
380 2388 433 2451 56.
447 2384 536 2448 Pone.
552 2382 621 2445 Att.
635 2382 716 2448 Plut.
732 2388 760 2443 T
761 2382 842 2446 hem.
856 2382 940 2465 App.
955 2380 1083 2447 Mithr.
1128 2386 1187 2448 De
1200 2405 1271 2470 paq·

187 2496 255 2553 τειχ.
269 2467 336 2529 vid.
353 2466 486 2547 Thucyd.
499 2468 533 2545 I,
550 2474 604 2536 96.
622 2476 692 2535 107.
708 2468 760 2543 ΙΙ,
779 2476 828 2537 13.
851 2469 978 2529 sorar.

271 2552 351 2616 Eud.
368 2556 391 2613 l.
408 2562 458 2621 13.
480 2550 712 2635 Λοιμώξαντες)
734 2551 809 2612 vid.
825 2554 910 2612 infra
927 2552 1021 2615 Alex.
1037 2574 1069 2617 c.
1086 2560 1143 2623 86.
1166 2554 1271 2615 Rnrr.

271 2638 352 2701 leid.
373 2634 444 2702 Ἀπὸ
457 2641 645 2717 Αἰθιοπίας)
670 2638 737 2699 Cur
750 2652 855 2697 autem
867 2658 907 2697 ex
914 2636 1099 2719 Aethiopia
1113 2660 1154 2699 us
1177 2658 1217 2701 oe
1228 2658 1272 2697 nu·

210 2739 282 2786 ator
297 2724 352 2783 ille
365 2724 513 2804 petierit,
537 2724 659 2805 aperiet
671 2726 773 2782 lectus
788 2720 982 2805 Thucydides.
999 2722 1076 2803 (ΙΙ,
1093 2660 1177 2811 485}
1194 2714 1273 2807 Apol

187 2746 375 2871 huncenim
395 2807 524 2867 initium
545 2808 646 2889 pestis
661 2806 766 2883 illius,
788 2828 829 2867 ex
839 2804 1031 2885 Aethiopia,
1057 2828 1146 2891 quae
1159 2807 1274 2891 perde

187 2892 1274 3058 1111111111111ῗῖ136111111.1111112

187 3076 257 3139 tus,
272 3074 383 3121 contra
399 3058 490 3120 fidem
505 3060 662 3121 historiae
678 3057 717 3119 ad
734 3080 790 3119 sua
804 3072 947 3139 tempora
962 3064 1187 3131 transtulerat.
1207 3060 1274 3123 Coe·

187 3146 240 3229 pit
258 3147 343 3205 enim
364 3144 544 3218 Seleuciam
568 3143 634 3205 vid.
656 3142 782 3227 Capitol.
797 3142 832 3201 iu
846 3143 930 3203 Vero
948 3164 975 3205 ο.
991 3150 1022 3211 8.
1036 3158 1073 3205 et
1093 3145 1131 3205 iu
1154 3167 1226 3211 enm
1238 3146 1274 3206 lo·

188 3252 261 3291 cum
280 3228 423 3290 Salmasii
445 3244 559 3305 notas3
582 3243 616 3289 et
629 3230 733 3291 Amm.
749 3226 892 3291 Marcell.
936 3224 1028 3309 Quae
1050 3249 1106 3290 res
1123 3230 1275 3295 observata

187 3312 325 3377 Medico
338 3332 461 3373 summo
473 3311 569 3391 hujus
583 3312 697 3374 astatis
709 3310 866 3373 Richardo
879 3310 978 3373 Meae
987 3314 1164 3393 persuasit,
1170 3328 1275 3399 peste·

189 3418 259 3461 esse
278 3396 421 3458 morbum
443 3394 651 3473 Africanum,
680 3400 739 3479 qui
762 3396 835 3457 aliis
853 3396 888 3455 in
909 3393 1104 3480 regionibus
1123 3420 1196 3461 nun
1219 3414 1275 3459 uta

189 3496 356 3558 nascatur,
379 3479 435 3543 sed
449 3472 491 3543 e'x
505 3480 682 3563 Aethiopia
695 3479 734 3543 ad
745 3482 823 3541 alias
834 3493 962 3565 gentes,
984 3477 1014 3539 si
1030 3500 1083 3543 res
1099 3418 1275 3549 recteiart·

189 3568 347 3652 atigetur,
372 3587 495 3650 semper
515 3587 573 3649 per
595 3565 778 3650 contagium
798 3569 937 3647 perlatus
962 3564 1165 3635 inveniatur.
1207 3562 1275 3630 Vsdt

191 3652 326 3729 librum,
349 3672 442 3734 quem
457 3651 594 3736 Anglice
613 3650 742 3713 dePeste
756 3648 876 3727 edidit,
896 3649 1018 3711 Latine
1035 3648 1137 3713 etiam
1150 3650 1189 3713 in
1204 3663 1275 3715 ente·

190 3756 300 3795 rorum
323 3736 456 3818 gratiam
477 3736 513 3795 in
533 3733 709 3796 Hollandia
732 3756 895 3795 excusum.
918 3734 1047 3797 sorar.
1093 3733 1275 3819 Duplieisr

191 3833 284 3901 parts
299 3818 467 3880 ridiculam
483 3818 585 3882 fuisse
600 3819 768 3901 scriptoris
783 3816 879 3899 hujus
895 3816 1011 3902 agendi
1026 3818 1204 3899 rationem,
1218 3838 1276 3881 ¹reo·

188 3904 269 3963 ,nuit
292 3903 439 3966 Wieland.
468 3904 557 3969 lion.
605 3904 746 3965 Primum
771 3904 920 3980 scilicet‚·
945 3900 1034 3987 quod
1052 3904 1200 3987 scriptor
1218 3904 1275 3981 iras,

215 4005 258 4046 uo
275 3988 414 4069 eleganti
437 3986 655 4071 descriptione
677 3986 840 4049 auditores
861 4009 937 4048 suos
956 4002 1102 4069 caperet,
1125 3984 1276 4073 Thucydi·

192 4008 254 4133 det
269 4068 491 4155 descripserim
515 4086 593 4155 tum,
613 4072 701 4159 quod
712 4084 845 4158 pestem,
869 4070 1080 4157 quaRomaui
1089 4094 1160 4141 uon
1172 4074 1277 4151 minut.
