2634 4680
181 278 259 351 wo
448 256 1023 343 snuorsrronas

183 442 271 505 uude
288 437 473 524 conjecerit.
518 435 557 500 In
569 433 672 499 Belini
682 431 812 522 quidem
825 431 1030 498 enarratione
1042 428 1141 495 nibil
1156 434 1195 519 sjr

180 524 741 684 netuliisieliiiisoliiiilliiestitnsnds
757 618 806 667 est
824 601 1029 687 postliminio
1039 566 1183 671 'sincera

181 718 226 759 ex
239 693 383 776 antiquis
399 690 618 764 editionibus,
637 686 678 754 ‘O
691 686 728 754 ssi
748 685 809 755 sissi
823 685 948 754 tristor
963 681 1067 753 sireis
1138 690 1195 776 ὀμ

180 776 252 856 δός.
296 776 493 839 Posteriores
511 795 674 857 perperam
690 770 849 835 desierunt
860 768 958 861 stirpi·
983 695 1186 854 quodi‘tism

179 876 258 925 runt
275 884 300 927 c.
318 866 369 931 58.
387 859 442 919 fin.
458 854 525 924 Ἢν
543 859 576 924 st
588 854 661 933 sotir
674 852 732 923 osis
746 854 861 933 εἰδότας
874 861 979 947 λέγῃς,
1001 852 1099 923 stiriis·
1112 885 1146 925 ss
1159 858 1195 929 si

178 956 242 1023 θος
255 941 339 1026 αὐτῷ
353 940 531 1028 προςᾶξεταί
548 968 584 1023 με
597 938 768 1016 πιστεύειν,
791 963 862 1003 cum
884 957 970 1004 reete
985 941 1021 1001 in
1040 942 1195 1023 prioribn

178 1038 248 1097 sois.
294 1032 329 1093 Si
346 1052 414 1091 vero
435 1026 472 1089 de
491 1030 633 1112 imperitis
650 1025 801 1112 loquaris,
830 1024 974 1091 nibiitme
997 1050 1104 1091 sorum
1128 1030 1195 1095 mni

181 1114 327 1191 adduces,
349 1130 382 1175 ut
399 1106 527 1175 cresium.
551 1113 645 1176 Jnns.
925 1122 929 1127 '

262 1198 341 1264 Eas.
359 1201 380 1263 l.
393 1204 423 1265 4.
442 1194 586 1275 Ἀτελεῖς)
607 1193 786 1258 Pendebsm
803 1195 918 1276 animi,
941 1190 1032 1279 ἀτελῆ
1051 1216 1098 1261 ne
1122 1196 1187 1263 bio

176 1306 261 1363 rent,
283 1305 377 1367 quem
396 1280 663 1364 interpretatione
680 1280 840 1361 expressi,
865 1303 961 1365 quem
985 1283 1117 1345 Romus
1137 1282 1195 1349 dis

176 1362 1195 1533 lllltltlll'aillisit.”iiiiii.2‘3..‘⁰.¹;‘l.l¹32¹⁰532.¹

175 1562 237 1600 non
254 1472 428 1599 insanium?
469 1531 533 1595 sed
555 1497 626 1595 curin
647 1532 745 1614 hujus
766 1533 949 1610 intellectus
974 1538 1063 1596 nulia
1088 1534 1195 1599 dunt.

175 1621 221 1683 sit
235 1618 409 1682 auotoritas
416 1662 427 1691 ,
449 1618 542 1702 isque
557 1617 669 1699 potius
684 1615 831 1679 videatur
844 1638 914 1679 esso
926 1614 1101 1697 iussaene,
1127 1642 1195 1683 ntor

173 1703 303 1768 solenni
317 1702 407 1767 vonis
422 1725 492 1779 usn,
510 1702 629 1786 quique
646 1700 767 1784 optime
783 1702 847 1763 buo
864 1701 972 1765 faciat.
997 1704 1110 1765 Gnsas.
1158 1706 1195 1769 N

175 1787 328 1872 scriptori
344 1780 450 1870 ἀτελὴς
463 1808 532 1850 esse
547 1790 630 1849 solet
645 1785 692 1863 is,
735 1790 766 1847 ui
779 1811 839 1849 non
851 1803 893 1848 est
903 1787 1100 1889 perfistusip
1118 1814 1195 1869 suo,

172 1899 239 2034 iit,
252 1871 1195 2038 {illiti-...liliati..iiiiii{ibiibi

172 2043 245 2124 Syr.
261 2064 287 2107 o.
301 2049 352 2109 20.
396 2044 439 2107 H.
452 2047 475 2105 1.
491 2036 603 2117 ἀτελεῖς
616 2039 767 2102 videntur
787 2061 856 2102 esse
874 2040 1108 2123 philosophiae
1126 2044 1193 2107 doe

171 2129 287 2205 manci,
311 2126 370 2208 qui
391 2148 467 2187 suae
485 2140 610 2186 tantum
629 2140 733 2187 sectae
756 2125 884 2207 placitis
905 2126 992 2206 eapti
1012 2140 1195 2207 tenentur,

172 2211 281 2272 omnia
294 2215 346 2271 vel
359 2213 560 2294 ignorantes,
584 2213 635 2271 vel
649 2231 716 2270 non
736 2224 894 2272 curantes.
927 2212 1045 2275 Lanu.

254 2294 332 2359 Eas,
347 2300 370 2357 l.
387 2303 437 2361 11·
459 2291 542 2360 Αὖτό
556 2291 672 2376 μόνον)
692 2293 804 2369 Libri,
829 2315 909 2377 quos
926 2294 1147 2378 inspeximus,
1171 2319 1194 2361 o

170 2376 261 2454 αὐτὰ,
284 2377 372 2460 quod
395 2377 558 2461 quomodo
582 2378 757 2441 convenire
778 2377 842 2439 huo
865 2378 986 2461 possit,
1010 2378 1166 2444 nondum
1190 2410 1195 2443 ι

170 2465 241 2526 dem
258 2461 375 2541 video,
398 2463 464 2523 nisi
479 2464 564 2524 forts
581 2462 621 2523 ad
634 2459 732 2545 μόνον
754 2464 928 2539 referatur,
957 2462 1068 2524 etvim
1094 2466 1195 2529 illius

169 2563 260 2632 geat3
289 2551 380 2629 cujus
403 2561 509 2609 temen
531 2546 579 2608 rei
602 2552 782 2628 exemplum
807 2546 913 2609 adhue
935 2553 1061 2610 nullum
1088 2548 1195 2619 obser

167 2634 401 2713 Interpretatur
418 2654 507 2710 sum,
532 2653 569 2692 ao
590 2631 619 2691 si
638 2636 765 2716 legatur
789 2625 897 2696 αὐτοῦ.
921 2632 1024 2694 Gnsu.
1069 2632 1156 2697 Non
1181 2656 1195 2697 s

167 2715 252 2777 hanc
271 2717 441 2777 formulam
459 2715 630 2799 usurpavit
646 2716 816 2796 Lucienus,
849 2737 980 2778 securus
1000 2717 1041 2780 de
1060 2716 1195 2783 Substs:

166 2800 285 2862 adnexi
308 2822 443 2884 genere,
483 2823 558 2862 casu
583 2813 615 2863 et
639 2822 781 2866 numero.
826 2800 881 2863 sie
911 2794 986 2868 eriri
1012 2799 1117 2885 μόνον
1148 2806 1195 2891 tp,

167 2884 278 2950 Somn.
293 2906 361 2967 cap.
379 2892 411 2953 9.
456 2885 511 2947 sic
531 2891 648 2970 βασιλεῖ
661 2893 706 2973 τῷ
725 2882 844 2974 μεγάλῳ
863 2882 936 2952 αὐτὰ
949 2883 1049 2969 μόνον
1063 2898 1195 2955 ovusiun

165 2971 270 3031 More.
289 2967 393 3032 Cond.
409 2990 435 3036 o.
452 2976 482 3037 9.
498 2991 580 3053 quae
604 2985 719 3032 temere
734 2992 752 3030 a
769 2972 935 3032 nonnullis
954 2985 1077 3034 tentata
1094 2994 1195 3055 esset¹

165 3051 215 3114 bis
232 3055 267 3113 in
281 3053 372 3115 Varr.
391 3055 499 3117 Lectt.
532 3055 587 3117 sis
602 3054 704 3114 Diali.
720 3056 855 3118 Merett.
871 3056 926 3121 VI.
940 3076 1049 3118 versus
1062 3054 1124 3119 lin.
1140 3062 1195 3127 eis

165 3139 199 3203 st
211 3134 283 3203 nissi
298 3135 395 3217 μόνον
408 3140 496 3204 καλοὶ
506 3140 656 3205 «θέλουσιν
669 3136 757 3204 εἶναι.
800 3138 879 3200 Non
901 3139 1010 3202 differt
1029 3143 1176 3206 multum

163 3230 253 3288 τοῦτο
268 3230 340 3297 παῖς
353 3223 455 3284 Diall.
470 3224 571 3285 Deor.
584 3223 649 3299 IV,
662 3232 693 3292 3.
735 3224 836 3286 Rsote
848 3223 951 3308 igitur
963 3225 1060 3287 etiam
1074 3222 1110 3291 h.
1125 3230 1152 3289 l.
1167 3249 1195 3291 st

162 3328 237 3368 nem
256 3309 425 3368 formulam
447 3322 559 3369 contra
580 3305 736 3369 Gesnesum
749 3321 858 3369 tuetur
877 3308 1096 3371 Valckenarius
1110 3310 1150 3383 in
1168 3310 1195 3375 G

162 3393 262 3453 machi
283 3393 394 3476 Elegg.
419 3394 446 3452 F
448 3414 575 3475 ragnum.¹
600 3413 673 3476 pag.
688 3399 740 3460 28.
765 3391 842 3455 vid.
856 3394 952 3454 etiam
965 3393 1118 3458 Abmoh.
1134 3396 1195 3459 Di]

161 3474 263 3537 Thur.
279 3497 309 3558 p.
324 3482 376 3544 56.
394 3491 427 3538 et
439 3478 547 3539 Lectt.
564 3476 746 3538 Aristaeno.
762 3495 795 3557 p.
812 3484 884 3547 167.
904 3478 1024 3538 Lenos.

246 3561 425 3642 Pag.67.1.
443 3566 471 3629 5.
501 3556 667 3642 stitusoiv)
694 3566 858 3639 Τελευτῶν,
880 3561 948 3623 den'
968 3588 1018 3641 ue,
1039 3578 1195 3646 postremo

61 3674 63 3678 ¹
159 3655 352 3726 terpretatur
367 3645 396 3711 J.
409 3644 505 3709 Brod.
522 3646 620 3708 Miso.
635 3645 694 3710 IX.
712 3653 807 3716 o.16.
825 3647 944 3708 nircum
970 3662 1077 3709 eotens
1097 3650 1195 3715 ultim

158 3741 193 3788 et
205 3729 252 3788 sio
266 3728 509 3814 Laxioograpbi
524 3751 595 3790 oum
607 3749 662 3792 θοι
684 3728 768 3795 Eds.
783 3752 860 3794 vero
874 3732 903 3791 J.
916 3730 962 3793 H.
976 3730 1049 3793 Por.
1063 3730 1096 3793 S.
1111 3754 1196 3796 nous

45 3884 47 3889 Α
158 3825 209 3872 ter
230 3813 374 3875 nln'mam
399 3828 534 3877 accentu
557 3814 647 3899 gravi
668 3815 815 3898 signant,
837 3837 925 3876 more
940 3802 1095 3877 adverbii.
1118 3836 1123 3847 ⁸
1144 3816 1195 3879 Ut

156 3895 294 3970 rectius,
317 3897 398 3958 mibi
412 3920 477 3961 non
493 3900 616 3983 liquet,
640 3898 881 3961 circumflexum
895 3914 1001 3960 tamen
1018 3898 1182 3963 veriorem

42 3980 45 3985 '
156 3977 217 4056 do,
242 3981 318 4061 quia
331 3982 538 4065 perticipium
551 3997 614 4060 est,
637 3983 699 4045 etsi
713 3983 804 4069 quusi
815 3980 1043 4049 adverbialiter
1055 3984 1195 4051 snmend

153 4060 278 4126 Rerrz.
321 4064 376 4130 cf.
389 4066 481 4132 Vnst.
494 4068 604 4134 Leott.
624 4068 747 4135 nunu.
