2634 4680
241 321 283 369 sn
308 317 488 380 ononono
513 314 691 364 ureronrs
717 315 776 391 sm
800 312 952 368 consen.
1072 300 1146 375 601

53 483 118 531 ster
135 457 333 530 Graecianus
349 463 528 548 inquireret
544 461 578 520 in
597 458 693 541 haec,
715 472 822 533 etcur
834 457 996 544 adjiceret.
1015 464 1019 477 '
1038 466 1152 552 Itaque
1241 468 1244 473 '

54 568 111 614 aut
135 550 338 614 statuendum
371 563 470 624 essct,
502 544 687 606 Lucianum
718 544 885 627 scripsisse
904 544 1066 632 Ἀντίοχον
1077 557 1151 621 lo'co

56 641 247 720 Περδίκκαν,
271 636 356 696 certe
373 633 407 691 in
430 629 501 692 cod.
512 628 664 713 Magistri
683 628 779 713 istius
797 629 843 690 ita
861 633 1015 714 scriptum
1039 635 1152 716 foisse,

25 778 28 783 ⁴
56 737 96 783 ut
120 721 302 802 suspicatus
319 733 368 779 est
383 716 528 790 Solonas,
553 712 641 796 quod
661 727 767 774 tamen
782 720 902 795 parurn¹
910 717 1078 799 probabile
1093 734 1152 800 eat,

58 821 115 866 aut
130 802 319 866 sumendum
334 816 400 878 est,
422 797 672 860 fuisseLuciaui
689 811 811 878 aetate,
835 798 893 880 qui
907 800 952 862 ita
968 802 1153 884 scriberent,

57 889 242 950 Luciauum
259 907 353 962 vero,
376 905 442 945 non
460 882 589 968 quidem
614 897 773 962 receptam
788 882 976 965 opinionem
994 889 1089 971 sequi
1103 888 1157 953 da.

59 973 185 1045 buisse,
209 985 245 1031 ut
267 968 366 1030 hahet
383 967 532 1043 Solonas,
553 964 610 1028 scd
625 967 736 1049 phtius
759 967 841 1027 istos
860 964 1007 1032 homines
1025 986 1155 1057 tangere

60 1058 212 1120 voluisse.
255 1056 403 1115 Fortasse
414 1072 451 1114 ea
463 1052 532 1130 ipsa
550 1051 745 1128 Stratonice,
768 1050 853 1137 regis
862 1051 1038 1117 Perdiccae
1052 1064 1155 1136 soror,

27 1132 30 1139 ’
61 1163 157 1211 quem
172 1161 190 1202 e
204 1136 379 1220 Thucydide
393 1137 504 1197 attulit
516 1135 656 1212 Solcnua,
672 1134 743 1196 istis
758 1132 944 1200 hominibus
957 1159 1067 1220 perum
1083 1162 1157 1202 cau.
1172 1202 1174 1207 ,

60 1215 106 1287 tis
128 1221 236 1283 fraudi
259 1223 340 1298 fuit,
362 1235 401 1282 ut
416 1220 446 1282 ei
466 1218 650 1282 Perdiccam
668 1218 852 1301 adjicerent.
895 1220 945 1281 Ita
968 1225 997 1288 εἰ
1017 1226 1055 1305 δὴ
1074 1239 1159 1287 esset
1259 1284 1263 1291 ,

61 1308 187 1371 ironice
209 1305 408 1372 sumendum.
435 1305 525 1368 Rura.
568 1302 660 1366 Haec
680 1304 741 1365 etsi
761 1303 840 1365 satis
860 1303 1023 1370 subtiliter
1036 1321 1069 1370 et
1083 1326 1157 1389 spe-

61 1394 150 1455 ciose
175 1390 337 1472 disputata
357 1389 461 1461 dicas,
488 1387 571 1450 mihi
594 1402 699 1451 tamen
721 1410 788 1450 nou
810 1388 1024 1458 satisfaciunt.
1065 1393 1158 1454 Mihi

62 1482 114 1539 vel
139 1488 308 1560 propterea
328 1473 424 1536 verba
442 1471 583 1553 ista,'de
603 1473 718 1555 quibus
737 1471 859 1556 agitur,
882 1473 1073 1541 scholiastae
1090 1460 1157 1538 cni·
1263 1496 1267 1501 ·

62 1561 134 1622 dam
157 1559 268 1622 deberi
289 1557 456 1634 videntur,
479 1557 586 1641 quod,
608 1558 636 1618 si
655 1557 809 1619 Lucienus
823 1578 860 1619 ea
880 1559 1060 1640 scripsisset
1076 1582 1158 1646 quo.

61 1665 191 1790 {llll
210 1641 661 1794 ltmllllllzllll
681 1640 1158 1796 {¹¹{”⁶i⁰¹⁶¹0⁰1⁰²;;lalell·

79 1753 90 1789 1
697 1775 705 1791 ο
741 1772 749 1789 0
820 1761 863 1780 ¹¹·
916 1772 925 1791 ι
1146 1778 1155 1798 ο

60 1818 83 1876 1.
100 1749 415 1893 labo’raretineptidi²
454 1812 645 1893 Exemplum
657 1749 753 1872 yenirn
768 1808 941 1891 Antiochi,
963 1814 1158 1898 intempore

61 1897 192 1981 quidem
202 1917 282 1979 prae
293 1894 409 1955 auroris
425 1895 460 1956 vi
474 1894 678 1964 tabescentis.
701 1895 834 1958 omuino
850 1917 925 1959 vero
937 1897 1052 1962 robore
1064 1898 1157 1962 virili

60 2002 263 2064 nequaquam
287 1978 440 2056 carentis,
463 1978 594 2040 minime
611 1978 750 2061 proferri
766 1994 893 2061 poterat
909 1980 1035 2044 adeum
1053 1983 1157 2069 signi·

60 2064 237 2142 ficandum,
254 2063 310 2145 qui
327 2063 447 2124 athleta
465 2062 556 2125 reddi
570 2069 657 2148 nulla
673 2077 740 2125 arte
754 2064 909 2147 potuerit.
937 2066 1008 2129 Nec
1021 2088 1073 2128 me
1087 2078 1157 2129 non

61 2147 197 2210 offendit
213 2148 260 2209 sic
275 2155 401 2223 τοῦτον,
424 2168 564 2230 proquo
581 2145 750 2208 dicendum
763 2147 882 2212 fuisset
896 2150 1021 2216 derives».
1055 2152 1158 2215 Int'el·

60 2235 131 2317 ligo
148 2234 259 2316 itaque
280 2231 339 2293 snb
355 2231 413 2295 Ιιοο
428 2231 574 2294 Perdicca
588 2254 658 2293 cnm
676 2231 802 2309 Gesnerc
818 2239 980 2323 aequalem
998 2232 1157 2320 quendam
1251 2300 1256 2313 ,

60 2318 220 2397 Luciani,
236 2316 413 2379 celebratae
428 2315 660 2378 imbecillitatis
676 2314 856 2396 hominem,
876 2334 968 2403 quem
982 2341 1076 2383 nemo
1088 2328 1158 2385 u'orr

64 2402 158 2464 istius
178 2402 249 2466 aevi
266 2406 422 2463 lectorum
440 2421 610 2486 agnoscere
628 2416 764 2485 poterat.
810 2400 873 2465 Sed
887 2423 949 2486 qna
968 2406 1022 2465 via
1036 2404 1159 2489 glosis.

62 2487 275 2562 torinnam,
304 2486 361 2568 qui
387 2507 448 2548 nos
472 2499 640 2570 tantopere
666 2487 812 2564 vexavit,
843 2486 879 2548 in
902 2487 992 2550 hisce
1012 2488 1160 2575 legendis

61 2570 246 2631 Antiochus
262 2571 336 2646 ille,
354 2591 411 2630 rex
427 2569 557 2652 Syriae,
572 2572 608 2630 in
621 2583 758 2632 mentem
772 2571 882 2633 venire
899 2574 1062 2654 potnerit,
1078 2578 1158 2636 nolo

63 2653 207 2717 definire.
248 2655 395 2713 Fortasse
412 2653 508 2714 finxit
520 2654 649 2737 ineptus
662 2654 777 2733 homo,
800 2675 897 2738 quum
913 2678 954 2718 ex
971 2658 1160 2741 antiquidrc

64 2752 207 2818 ternpore
226 2751 411 2819 gymnastac
426 2735 623 2799 celeberrimi
642 2737 794 2799 recensiti
810 2739 949 2817 fuerint,
971 2753 1004 2802 et
1023 2740 1160 2803 Perdio-

63 2843 119 2883 cae
140 2823 320 2903 exemplum
344 2819 413 2881 illic
436 2820 651 2904 quaerendum
675 2841 759 2902 esae3
782 2836 815 2884 ct
839 2834 936 2903 quum
956 2824 1160 2906 Perdiccam,

65 2904 123 2986 qui
141 2904 204 2966 huc
226 2905 432 2982 conveniret,
455 2925 521 2966 non
540 2904 732 2982 invenisset,
757 2905 912 2990 singulari
927 2907 1065 2990 quodam
1083 2930 1161 2970 casu

63 2989 99 3054 in
120 2987 319 3050 Antiochum
344 2987 471 3052 incidit.
515 2990 567 3049 ·Et
585 3011 673 3051 nunc
695 3012 766 3051 cum
788 2991 903 3052 ironia·
919 2993 1027 3074 aliqua
1050 3000 1160 3055 notim

64 3074 157 3217 istqim
179 3071 367 3219 aqlqcripsit,
398 3094 493 3157 quam
512 3072 544 3136 si
563 3093 651 3136 nuuc
671 3077 793 3159 legeret
813 3074 999 3156 Luciacus,
1029 3076 1161 3159 ridet'at,

62 3179 115 3220 cre
139 3178 169 3220 o.
231 3179 317 3219 unu.
413 3204 415 3209 .

149 3242 226 3325 Pag.
241 3249 315 3312 208.
329 3245 350 3308 l.
368 3250 396 3312 1.
414 3239 625 3327 ‘uniquam
646 3241 685 3309 iv
706 3265 755 3311 cos
773 3251 880 3312 τοῦτον
899 3244 1089 3330 Περδίκκαν)
1113 3237 1162 3313 oi

65 3334 175 3392 τοῦτον
194 3331 374 3410 Περδίκκαν.
396 3330 555 3395 Munere.
602 3326 666 3412 0οχ
684 3325 813 3413 dcccx.)
834 3331 888 3393 Sic
903 3331 965 3392 Ed.
984 3333 1013 3396 J.
1027 3332 1161 3415 optimc·

63 3413 222 3493 Reliquae
239 3428 271 3473 et
287 3411 357 3494 ipsc
370 3415 422 3476 M.
439 3414 615 3477 omiserunt
628 3413 709 3477 illud
729 3412 799 3498 οὐχ,
821 3430 918 3499 atque
938 3415 1018 3477 adeo
1031 3435 1160 3476 sensnm

65 3496 296 3578 depravarunt,
315 3499 412 3580 'quem
434 3520 474 3560 cx
487 3499 621 3583 ingenio
639 3499 808 3562 restituere
823 3514 958 3563 conatus
971 3515 1019 3562 est
1034 3500 1162 3564 Murci-

63 3581 138 3659 lius,
162 3596 366 3662 etpoateum
384 3584 681 3647 Veronensum.
787 3593 790 3600 '
1006 3614 1009 3619 ·
1116 3596 1146 3613 ”

148 3666 228 3728 Ecd.
249 3671 314 3733 l·2
345 3669 539 3752 Περδίκκαν)
568 3667 671 3752 Quem
693 3668 874 3733 Perdiccam
903 3666 998 3746 velit,
1028 3679 1084 3727 aut
1104 3687 1162 3729 cur

66 3750 131 3811 huc
156 3750 349 3826 adducatur,
373 3751 453 3815 mihi
475 3774 541 3813 non
564 3755 679 3838 liquet.
722 3754 767 3814 At
782 3774 864 3840 quac
887 3751 926 3813 de
942 3750 1108 3813 Antiocho
1123 3764 1162 3813 et

66 3836 265 3915 Stratonice,
287 3853 364 3898 nota
388 3858 458 3897 cnm
472 3859 512 3898 ex
528 3837 601 3920 ipsc
613 3839 768 3916 Lucieno,
793 3837 899 3921 quiin
922 3834 961 3898 de
975 3837 1050 3898 Dea
1068 3834 1160 3919 Syrie

68 3941 137 3997 cap.
154 3926 202 3985 17.
219 3935 251 3983 et
268 3927 317 3989 18.
333 3923 405 3983 fuse
421 3937 563 3999 enarrat,
586 3937 618 3982 et
635 3924 751 3982 iterum
770 3922 875 4007 tangit
888 3922 1000 3983 Ssltat.
1017 3943 1044 3984 c.
1061 3927 1115 3990 58.
1129 3934 1164 3982 et

67 4005 151 4066 Icar.
167 4025 235 4086 cap.
256 4011 304 4073 15.
319 4022 387 4066 tum
406 4030 446 4068 ers
463 4007 543 4068 Plus.
564 4007 620 4085 (in
640 4009 784 4068 Demetr.
800 4014 893 4075 1660.
908 4038 948 4055 -
964 4019 997 4068 et
1012 4014 1086 4076 607.
1100 4005 1161 4079 Β.)

67 4089 229 4175 Appiano,
253 4089 351 4178 (Σνρ.
375 4112 406 4177 p.
422 4098 472 4162 87.
493 4091 555 4154 Ed.
579 4090 652 4176 St.)
679 4088 792 4156 Gnlcno
814 4089 866 4179 (κ.
886 4088 998 4181 sectr.)
1023 4090 1163 4187 aliisque
