2634 4680
205 292 209 298 .
251 301 304 350 ,ΙΝ
331 266 968 365 monoconsrvuaerron.
1087 287 1160 365 ,491

64 534 90 601 Β
153 447 231 514 1611,
261 442 521 533 Μασηγώσιμος)
547 443 649 507 Dixit
673 460 768 507 anteo
794 458 827 507 et
846 466 948 530 ¹coepe
975 452 1094 534 repetit
1120 414 1161 518 u.

95 557 198 597 00111).
261 584 265 591 .
304 585 308 593 .
518 584 521 589 -
1005 574 1009 583 ’

112 938 180 1066 ru
214 989 482 1066 znuxru
515 988 642 1065 van
674 989 1107 1097 Aurrocuuu.

149 1196 398 1279 Pag.128.1.1.
430 1192 615 1270 ΖΕΥΞΙΣ)
636 1195 726 1257 Huic
749 1193 968 1261 disaer'tationi
990 1203 1163 1282 (quoniam

64 1279 104 1343 de
120 1279 180 1341 hae
195 1287 284 1344 locun
310 1281 392 1342 aliur
414 1277 564 1359 dicendi)
586 1301 653 1341 non
676 1280 843 1363 immoror:
867 1305 988 1366 paucae
1002 1287 1176 1351 variantec'

65 1368 242 1444 lectiones,
265 1381 298 1431 et
320 1388 402 1450 qnne
420 1369 572 1429 lectorem
597 1363 726 1425 avidum
749 1388 813 1429 non
833 1383 1007 1430 morentur.
1029 1370 1164 1445 Bounn.

63 1448 253 1534 Προςλαλιᾶ,
276 1466 312 1510 nt
328 1472 432 1532 supra.
474 1447 597 1515 Habita
613 1471 690 1511 vero
706 1452 766 1511 ista
782 1451 877 1513 etiam
894 1452 928 1512 in
942 1453 1087 1518 theatro:
1110 1478 1168 1541 pn.

61 1549 109 1596 tet
127 1535 191 1597 fine
205 1536 341 1620 hujusce
358 1535 484 1596 Laliae.
506 1535 666 1599 Manere.
906 1532 909 1537 ’
1151 1542 1156 1551 ’

147 1620 226 1685 End.
242 1625 263 1682 l.
278 1628 309 1691 5.
334 1616 519 1700 Προςιῦντες
532 1609 607 1704 οὖν)
629 1621 825 1704 ΕΡοοοΙοΡοί
843 1621 978 1685 inservit
991 1623 1074 1687 illud
1090 1618 1165 1709 criu,

63 1706 167 1766 veluti
190 1707 276 1768 infra
329 1727 416 1783 nom.
441 1725 564 1767 conecr.
581 1704 667 1766 Hiat.
689 1729 715 1767 ο.
732 1715 782 1774 62.
811 1704 1022 1789 Οἰκοδομῆσας
1040 1709 1100 1797 γὰρ
1120 1751 1165 1765 ..-

62 1788 267 1874 οἰκοδομήσας
290 1815 358 1855 ouu-
402 1790 447 1850 Et
467 1787 636 1851 Peeudom.
653 1812 679 1852 ο.
701 1798 749 1857 19.
767 1787 800 1856 ri
817 1790 979 1876 ἐνδόσιμον
998 1795 1100 1879 λαβών
1119 1817 1165 1857 -·-.

62 1877 182 1940 ἐκεῖθεν
203 1866 261 1941 οὖν
285 1874 319 1941 τό
342 1872 503 1956 ἐνδόσιμον
525 1872 636 1957 λαβών.
679 1874 766 1938 Bene
786 1876 974 1941 observante
988 1881 1106 1944 Dukero
1123 1882 1163 1947 ad

65 1958 200 2044 Urucyd.
225 1959 287 2021 111.
309 1981 336 2023 c.
356 1965 408 2030 96.
457 1957 521 2018 Ubi
541 1974 574 2020 et
598 1957 798 2023 Scholiarten
820 1961 913 2037 vide,
937 1977 971 2025 et
994 1964 1034 2025 ad
1054 1982 1162 2050 parrae

64 2058 214 2109 vocaturn
230 2042 360 2128 Rupiei.
375 2042 416 2105 ad
432 2044 556 2128 Evang.
571 2044 673 2106 Marc.
690 2045 759 2123 111,
775 2053 827 2114 31.
851 2046 974 2109 Ruina.

147 2128 224 2213 Peg.
243 2137 314 2199 180.
332 2133 353 2191 l.
371 2137 400 2198 6.
423 2127 544 2210 Ὤιμην
557 2125 630 2210 τάχα
643 2130 746 2211 μέντοι
761 2131 812 2195 nni
825 2127 898 2196 uniri
915 2140 1002 2198 τοῦτο
1016 2133 1162 2221 προςᾶγι.

61 2224 137 2282 σθαι
152 2212 286 2291 αὐτοῦς)
307 2212 501 2290 Benedictus,
525 2217 625 2275 rtatim
646 2214 762 2298 quidem
778 2215 813 2276 id
828 2219 922 2300 ipsum
938 2222 1026 2279 etiam
1042 2221 1163 2287 additu,

62 2327 112 2364 ros
122 2301 280 2384 putabam.
313 2298 529 2379 Ineptirrime.
562 2298 644 2374 Nam
662 2298 770 2382 quiid
791 2300 825 2361 in
840 2301 1002 2365 laudando
1019 2304 1163 2371 addituti

61 2398 169 2457 erant,
194 2407 265 2446 cum
280 2384 350 2465 ipre
363 2383 519 2445 Lucienus
533 2397 607 2444 ante
631 2384 731 2463 dixit,
755 2407 789 2449 ee
803 2384 999 2468 auspicatum
1014 2411 1081 2453 esse
1095 2413 1163 2455 om·

61 2493 119 2533 nee
135 2469 281 2531 meliores
301 2467 450 2530 laudatae
471 2468 628 2531 orationis
650 2491 762 2532 canens
784 2469 822 2532 ab
840 2470 968 2552 scriptis
992 2474 1058 2536 rnic
1073 2475 1164 2541 nbee.
1223 2491 1226 2500 ·

62 2554 122 2617 ae?
167 2555 267 2617 Recte
288 2568 393 2614 tamen
411 2553 548 2629 Graeca,
573 2574 655 2636 quae
676 2556 796 2638 optime
816 2555 962 2638 percepit
981 2556 1163 2645 Obsopoeue,

62 2643 120 2702 hoc
135 2644 199 2721 ipso
214 2663 263 2700 eos
282 2641 468 2721 potissimum
480 2637 641 2700 adductum
659 2643 718 2720 iri,·
740 2639 805 2699 nisi
822 2638 909 2720 quod
925 2662 1068 2727 congrua
1083 2666 1163 2710 orn-

62 2727 112 2786 tio
126 2739 239 2807 poecat
252 2723 383 2786 adduci:
407 2745 472 2783 non
488 2724 573 2783 enim
590 2726 696 2808 agitur
708 2724 746 2784 de
761 2723 883 2788 futuro.
907 2723 1018 2790 Grion.

149 2825 230 2891 ibid.
255 2827 316 2890 Καὶ
333 2818 408 2891 uiri
422 2833 510 2891 τοῦτο
523 2830 597 2908 πρ.)
619 2826 658 2887 Et
670 2827 728 2888 Ιιοο
742 2824 880 2886 nonnihil
893 2843 996 2908 coptos
1007 2829 1160 2911 plaudere,

63 2917 132 2989 vel,
155 2911 212 2973 hoc
224 2912 455 2998 etiamfortaese
467 2927 627 2974 uurncwm
641 2913 688 2974 iri
732 2909 866 2970 Variant
885 2927 991 2971 autem
1004 2914 1057 2975 hic
1074 2917 1163 2981 libri.

64 3000 114 3059 Fl.
137 2991 219 3083 αὐτῷ
247 2993 360 3079 τούτῳ,
391 2997 444 3057 cui
464 2996 641 3077 scripturae
661 2996 748 3056 favet
768 2998 860 3055 locur
879 2995 1005 3058 Phalara·
1029 2998 1057 3062 Ι.
1082 3021 1109 3063 ο.
1130 3010 1162 3071 3.

66 3081 180 3144 Codex
208 3095 313 3142 autem
337 3082 372 3144 P.
398 3103 469 3142 cum
491 3078 651 3163 impressis
675 3079 772 3156 facit,
801 3101 882 3165 quor
910 3094 1041 3144 tuentur
1065 3085 1163 3148 verbu

65 3188 135 3247 cap.
151 3168 203 3235 53.
223 3166 372 3227 Hermot.
392 3166 507 3228 Porum
529 3186 603 3251 ergo
624 3166 741 3237 reicit.
770 3179 875 3227 utram
898 3167 1087 3251 scripturam
1108 3191 1163 3234 ee-

61 3250 377 3403 qunmdldddiinii
390 3343 448 3402 rori
464 3333 629 3420 Ὀμήρου)
651 3337 691 3397 In
707 3332 870 3411 Zeuxide,
893 3334 927 3402 ri
941 3343 999 3402 τοῦ
1008 3312 1162 3421 Ὀμήροο,

61 3422 112 3487 uui
124 3417 179 3501 τὴν
193 3423 265 3567 νέαν
281 3417 364 3508 ᾠδὴν
380 3425 594 3508 κεχαρισμένην
606 3415 764 3505 ὑπάρχειν.
788 3421 916 3484 Alludit
930 3420 970 3486 ud
987 3421 1103 3506 Odyce.
1119 3425 1162 3499 Α.

59 3529 91 3570 v.
109 3511 182 3575 351.
239 3528 342 3567 nanv.

146 3591 222 3675 Peg.
240 3600 312 3660 131.
333 3587 586 3671 1.2.”Λνθρακες
607 3590 691 3664 etc.)
713 3589 892 3667 Carbonem,
915 3606 953 3651 nt
977 3596 1086 3675 ajunt,
1104 3619 1165 3677 pro

64 3675 199 3738 thesauro
214 3680 386 3739 invenimus.
410 3677 534 3739 Piuedt.
552 3677 592 3752 V,
608 3681 660 3743 87·
683 3675 811 3737 vorsu.
852 3676 983 3739 Phaedri
996 3693 1045 3739 oct
1058 3681 1085 3739 F
1087 3679 1161 3742 abb.

64 3760 143 3819 Lib.
159 3761 198 3821 V.
219 3761 285 3824 fab.
306 3769 338 3829 6.
362 3784 392 3822 v.
408 3772 438 3831 6.
484 3759 555 3821 Vid.
579 3757 664 3822 Suid.
686 3759 720 3817 in
739 3757 910 3837 ’Ἀνθοακες
929 3762 1106 3845 θησαυρὸς,
1128 3778 1164 3826 et
1189 3794 1193 3799 ·

64 3842 180 3905 Erasm.
195 3844 316 3930 Adagg.
333 3845 417 3911 Chil.
436 3848 459 3907 Ι.
476 3843 569 3906 Ceni-
585 3848 616 3910 9·
633 3841 733 3928 Adflg·
744 3853 794 3911 31.
819 3845 873 3911 Cf.
886 3845 1010 3912 Adnot.
1024 3847 1064 3911 ad
1078 3850 1162 3912 Her·

62 3942 141 3990 mot.
158 3950 185 3988 c.
204 3937 256 3994 71.
284 3933 403 3993 Luam.

149 4012 228 4075 End.
244 4017 264 4071 l.
279 4019 309 4081 5.
338 4017 389 4080 Τὰ
410 4009 595 4094 δημώδη]
620 4012 687 4094 Qui
704 4015 850 4094 seqnitur
860 4021 950 4079 looue
965 4016 1004 4081 de
1015 4018 1163 4083 Zeuxide
1270 4043 1274 4049 ’

66 4102 200 4182 ejusque
224 4097 509 4181 Hippocentauro,
540 4113 629 4161 tetur
659 4100 818 4181 reperitur
844 4098 879 4162 in
901 4102 1025 4167 Codice
1046 4110 1163 4168 manu·
