2634 4680
298 262 903 355 rnnnnnorrs'ru‘sr.
1076 290 1149 361 401

57 453 153 514 cessit
168 440 256 516 cidit
275 470 324 515 tot
345 443 479 530 viniones,
502 446 576 509 idea
593 462 625 509 et
642 446 697 509 hic
712 445 844 532 ἀρέσειεν
859 470 931 511 cum
950 450 1060 515 dativo
1075 476 1152 517 con·

57 551 214 597 structum
233 536 339 596 voluit
355 533 506 612 Salanus,-
529 532 584 594 sed
598 532 662 593 hoc
679 554 744 593 non
767 535 843 593 satis
867 551 915 594 est
937 557 1067 599 caussae
1084 541 1150 623 pri.

57 622 174 681 stiuam
191 639 324 701 eamque
340 632 538 682 constantem
559 617 731 678 lectionem
750 616 895 678 mutandi
914 641 954 680 ex
969 642 1053 682 mera
1068 636 1156 684 con-'

54 710 196 788 jectura,
231 704 289 763 rix
316 716 420 762 autern
450 700 531 760 mihi
554 701 749 782 persuadeo,
781 722 852 762 eum
875 703 1056 787 ignorasse,
1088 707 1154 771 hoc

56 790 187 852 verbum
205 789 299 849 etiam
313 787 497 871 frequenter
511 785 727 844 accusativum
742 807 907 866 personae,
924 808 1025 871 aeque
1038 781 1077 852 nc
1092 792 1151 872 rei,

58 875 249 948 adsciscere,
275 870 310 931 id
329 869 417 953 quod
442 869 518 929 satis
540 869 649 928 multis
670 874 732 951 jam
755 870 906 952 probavit
930 872 1094 956 Stephanus
1116 877 1153 938 in
1263 877 1265 880 ’

57 957 154 1021 Thes.
199 956 291 1017 Adde
312 977 371 1015 nos
393 968 469 1014 nota
489 954 645 1036 proxima.
668 955 790 1020 Rurrz.
833 952 1155 1041 Differentdpinnsw

58 1043 138 1116 τινὶ,
166 1056 198 1104 et
219 1035 357 1124 ἆρὲσκειν
376 1035 454 1102 τινά.
497 1036 585 1098 Illud
607 1051 655 1099 est
672 1037 789 1121 placere
810 1039 923 1120 alicui3
944 1038 1007 1102 hoo
1030 1044 1157 1131 satisfn.

60 1152 132 1188 cere.
178 1125 273 1186 Unde
289 1137 377 1205 patet
389 1123 499 1198 simul,
524 1121 822 1203 quomodoPassive
839 1123 904 1184 dici
918 1126 1020 1205 possit
1034 1120 1157 1211 ἄρὲσκε.

60 1213 136 1276 odoi
157 1236 234 1285 τινι,
259 1209 297 1267 de
310 1230 365 1284 eo,
388 1211 438 1268 cui
456 1207 646 1293 satisfactum
661 1223 703 1268 est
722 1209 753 1268 in
769 1208 875 1292 aliquo
899 1231 947 1285 re,
970 1209 993 1272 i.
1009 1232 1035 1272 e.
1058 1216 1156 1295 quiin

59 1320 93 1356 ea
107 1297 282 1376 acquiescit,
306 1315 339 1351 eu
357 1302 507 1353 'contentus
521 1305 571 1351 est.
616 1291 690 1351 Hoc
705 1292 808 1372 ipsum
825 1292 995 1356 discrimen
1014 1296 1157 1357 animad-

58 1392 163 1438 vertes
178 1377 209 1436 h.
226 1382 247 1441 l.
262 1372 472 1441 observatum.
486 1373 694 1463 *Nihilfortq
704 1451 706 1455 Ι
718 1376 763 1437 ita
781 1374 908 1439 dicebat
924 1378 1158 1454 Hermotimus,

58 1462 159 1546 placet
171 1461 225 1522 tihi
238 1486 335 1523 eorum
349 1482 424 1543 quae
439 1458 557 1522 dixero.
600 1459 666 1543 Iino
679 1483 746 1521 vero
754 1504 765 1538 ,
787 1460 959 1542 respondet
973 1467 1035 1542 jam
1049 1464 1158 1544 Lyci·-

62 1567 141 1617 nus,
168 1563 200 1605 tu
219 1545 296 1606 nihil
313 1549 357 1605 vis
373 1544 468 1606 dicere
487 1540 645 1626 ejusmodi,
668 1544 749 1627 quod
769 1547 944 1633 satisfacere
963 1549 1038 1609 milri
1052 1551 1157 1632 possit.

62 1631 116 1692 Cf.
132 1630 171 1690 de
184 1629 297 1690 SacriF.
313 1651 341 1689 c.
358 1636 408 1696 18.
424 1642 506 1689 extr.
525 1628 581 1688 ubi
598 1627 791 1712 proripienti
808 1638 847 1715 τῇ
861 1637 928 1716 θεῷ
944 1652 962 1690 e
978 1631 1081 1694 Codd.
1099 1634 1158 1692 Pa,

62 1715 132 1776 riss.
151 1714 352 1774 restituimus
366 1711 422 1793 τὴν
435 1705 523 1777 θεόν.
567 1712 761 1774 Herodianus
774 1735 824 1795 ap.
843 1712 976 1776 Moerid.
993 1715 1044 1779 ed.
1056 1717 1156 1780 Piers.
1261 1748 1270 1759 ,

62 1821 96 1883 p.
112 1797 328 1881 468.’Λρέσκει
341 1796 678 1884 αἰτιατικῇκαῖὃοτικῇ.
708 1799 827 1858 Leuat.
1069 1876 1072 1881 Ι
1210 1858 1226 1885 k

148 1885 284 1965 Pug.32.
300 1887 323 1943 1.
336 1887 366 1950 6.
381 1880 545 1962 Ἄμεινον)
566 1875 852 1963 seponendum
866 1875 890 1965 ἢ
904 1884 1022 1966 χείρων.
1045 1876 1156 1946 Baoii.
1198 1917 1202 1928 ·

146 1967 225 2029 Eat.
249 1971 271 2027 1.
290 1975 339 2032 11.
362 1961 417 2031 ”Av
440 1963 540 2053 tidpc)
570 1969 713 2041 Εἴὸοις
734 1967 853 2048 Guyet.
898 1967 960 2029 Sed
986 1967 1052 2035 vid.
1078 1988 1161 2054 quae

60 2073 157 2134 supra
175 2066 321 2111 notamus
339 2047 377 2110 ad
394 2056 459 2118 c.8.
474 2048 570 2131 hujus
583 2050 674 2111 Dial.
697 2052 818 2116 Rerrz.
850 2046 950 2126 ''Idote
965 2052 1160 2137 Mss'Reg'ss

59 2144 157 2204 2954.
181 2150 213 2198 et
235 2143 331 2205 3011.
368 2136 444 2198 Bru.
497 2134 600 2220 quue
623 2148 708 2198 recte
726 2140 790 2221 jam
808 2073 1159 2220 Schmiederusrecepsd'.

59 2225 179 2284 Lanu.
895 2227 898 2231 ’

146 2306 339 2388 Patr-351.
366 2308 415 2371 14.
447 2304 780 2388 Κλαυθμυριζομὲνων)
807 2304 858 2368 Μ.
883 2304 957 2370 Par.
980 2320 1014 2369 et
1032 2302 1077 2369 A.
1118 2301 1162 2367 Iti

62 2388 135 2452 aliis
153 2386 304 2451 mendose
322 2392 617 2474 κλαθμυρέζομὲνων.
642 2391 770 2454 sonsa.
1146 2463 1149 2467 Ι

60 2561 88 2622 Β
147 2472 222 2556 Peg.
235 2481 286 2543 34.
299 2477 321 2537 l.
331 2481 360 2542 1.
379 2471 640 2558 Ἀποσεισᾶμενον)
656 2476 785 2561 Anglic.
796 2469 1045 2560 cinoostocipsvo'c,
1054 2471 1162 2569 ruenti·

94 2581 196 2620 ouum.

149 2640 229 2702 End.
243 2645 265 2703 l.
276 2649 307 2707 ἵ.
327 2632 573 2727 Ἀπορρίψαντα)
596 2641 677 2705 cum
696 2640 1075 2719 finxissetHermotimus,
1088 2622 1162 2704 v'tr·

65 2743 167 2788 tutem
183 2746 251 2786 esse
271 2725 486 2786 beatissimam
511 2727 693 2804 civitatem,
717 2727 818 2810 inque
840 2751 907 2788 earn
927 2742 1070 2811 rogasset
1083 2730 1163 2787 nuri't

66 2832 203 2892 aequum
226 2822 325 2883 esset,
349 2824 386 2869 ut
404 2829 512 2872 omnes
536 2810 784 2887 contenderent,
808 2827 839 2873 et
856 2813 941 2874 cives
955 2812 1004 2872 ibi
1019 2810 1088 2872 fieri
1126 2833 1164 2872 e·

66 2897 197 2964 stirent.
223 2893 365 2955 Maxime
379 2906 467 2970 'vero,
491 2890 663 2976 r'espondet
688 2895 873 2974 Lucienus,
896 2834 1164 2980 eo'adspirunditm

67 2997 124 3057 est,
149 2977 263 3061 reliqua
278 2994 374 3038 autem
390 2981 491 3038 omnia
505 2976 696 3062 negligenda3
719 3002 808 3064 neque
822 2979 946 3041 multum
961 3005 1063 3044 curare
1078 3002 1166 3062 opor·

68 3081 109 3125 tet
131 3068 296 3123 retinentem
315 3064 462 3145 patrium3
485 3087 574 3148 neque
593 3063 692 3124 liberis
711 3062 759 3124 vel
773 3065 958 3147 parentibus,
981 3068 1008 3127 si
1032 3067 1082 3126 cui
1094 3064 1163 3139 sint',

68 3147 273 3210 revocantibus
285 3144 531 3231 ejulantibusque,
544 3151 635 3233 flecti
648 3165 675 3208 et
686 3152 759 3208 verti
764 3173 776 3229 ,⁶
798 3148 850 3210 sed
864 3164 890 3210 et
903 3144 951 3211 eos
966 3151 1099 3210 maxime
1123 3144 1167 3207 ud

67 3232 190 3294 eandem
205 3233 283 3290 vium
297 3231 431 3292 hortari:
450 3236 496 3292 sin
511 3250 608 3294 autem
622 3232 734 3309 nolint,
756 3233 804 3294 vel
815 3252 971 3318 nequeunt,
984 3236 1166 3294 'amoventem

68 3316 140 3379 illos
161 3316 252 3394 (sive
276 3319 383 3375 amotis
402 3314 483 3390 illis)
509 3334 589 3379 recta
611 3317 652 3378 ad
674 3318 803 3401 undique
824 3317 940 3379 beatam
959 3317 1045 3379 illam
1066 3314 1167 3375 urder't's

71 3394 258 3482 contendere3
280 3401 351 3482 quin
363 3412 390 3458 et
405 3402 498 3480 ipsum
515 3402 697 3483 abjicientem
707 3402 836 3484 pallium
858 3403 946 3486 (sive
968 3407 979 3462 i
999 3424 1032 3462 so
1052 3400 1168 3484 adjecto

70 3484 197 3570 pullio),
214 3487 241 3544 si
252 3506 285 3543 eo
299 3483 476 3565 apprehenso
491 3485 656 3564 detinerent,
680 3487 914 3573 illucfestinare.
957 3425 1023 3546 liii
1039 3480 1169 3568 quideu't

71 3570 212 3630 auctoris
231 3589 341 3628 seusus
356 3582 420 3628 est:
446 3568 500 3651 sed
523 3571 558 3630 in
576 3571 705 3632 Graecis
720 3571 844 3654 aliquid
862 3585 927 3649 est,
958 3569 998 3630 ad
1013 3565 1100 3654 quod
1115 3558 1169 3629 οἷο·

72 3652 193 3714 fundas.
236 3654 301 3717 Καὶ
315 3643 389 3716 utici
413 3648 643 3737 ἆπορρίψαντας
656 3650 689 3720 ni
704 3652 822 3736 ἱμάτιον
831 3704 840 3733 ,
864 3659 891 3720 εἰ
901 3650 1010 3719 τούτου
1027 3654 1170 3733 institute

70 3731 382 3821 μίνοικατέρῦκοιεν,
404 3733 567 3820 ἐσσύμενον
580 3739 678 3806 ἐκεῖσε
694 3755 755 3804 etc.
796 3740 832 3800 Si
855 3739 1057 3821 sequentinm
1076 3739 1168 3820 juxta

72 3835 108 3883 et
119 3820 377 3905 praecedentium
395 3819 549 3883 habeatur
562 3824 662 3904 ratio,
685 3827 736 3885 vel
752 3845 853 3906 puero
868 3837 976 3905 pateat
994 3819 1166 3906 legendnm
1280 3851 1282 3855 ·

10 3934 12 3947 ¹
71 3899 416 4001 mdiu·
453 3906 576 3971 Omnes
595 3907 671 3969 iibri
687 3906 849 3990 impressi,
873 3922 905 3969 et
920 3907 988 3988 ipse
1002 3908 1051 3968 M.
1065 3901 1166 3986 ἇποῤ.

366 4068 369 4073 ,
438 4038 445 4065 ,
463 3991 630 4075 Displicet
640 3993 736 4053 etiam
750 3992 868 4075 duplex
881 3991 961 4053 illud
976 3994 1085 4058 insistet
1105 3987 1168 4050 So·

56 3986 572 4316 ’Ὺ-ῃιο.
614 4075 682 4213 Sed*
690 4093 797 4140 utrum
810 4082 890 4162 jam,
904 4075 1064 4225 ἒιιοιαᾳΐ·
1078 4071 1168 4137 Mihi
