2634 4680
252 318 291 365 nr
319 311 500 378 cuonone
527 316 707 365 nrsronre
736 316 792 365 sir
818 316 968 367 consors.
1084 295 1163 372 675

59 462 231 542 scribitur,·
251 477 284 524 et
301 460 435 549 Ἐλὲγεια
450 462 570 524 dicitur
585 462 755 525 Armeniae
771 467 876 542 loeus,
900 464 936 524 in
950 454 1016 546 quo
1029 458 1163 527 circum·

63 564 182 608 ventus
208 549 425 609 Romanorum
450 549 610 610 exercitus
633 548 849 610 internecioni
878 563 967 609 totus
987 538 1080 609 dattis
1101 565 1162 613 est·

60 635 112 693 Μ.
132 630 340 714 Σεουηριανός
351 633 483 716 ubique.
507 635 536 698 J.
552 633 615 701 Ed.
633 647 666 692 et
680 633 763 694 aliae
779 637 955 694 nonnullae
970 632 1025 693 bic
1038 648 1071 695 et
1086 655 1163 697 mort

61 718 179 778 iterum
196 717 393 800 Σεβεριανᾷς,
418 739 497 799 quae
515 738 585 778 enm
602 716 719 777 deinde
734 722 887 801 Σεβηρ-“
902 732 993 800 recte
1003 717 1161 795 scribent,

61 823 121 860 nos
138 816 168 861 et
184 802 238 862 hic
254 817 337 864 recte
349 803 447 862 scribi
464 803 664 879 curavimus,
686 802 738 860 uti
754 817 828 863 ante
844 822 903 862 nos
916 802 954 867 B.
972 811 1002 869 2.
1016 818 1050 865 et
1064 802 1164 864 Berre-
1252 795 1255 805 ’

61 885 160 947 dicius
174 890 327 950 fecerant.
373 888 546 948 Severianus
562 903 667 948 autem
680 885 735 946 bic
751 889 860 948 Gallus
874 884 995 946 dicitur
1009 908 1026 946 a
1040 888 1163 949 Nostro

58 971 153 1033 Alex.
182 994 210 1032 c.
228 979 281 1039 27.
325 972 575 1055 Armeniumque
605 972 774 1032 invasurus
797 968 976 1032 Alexandri
999 977 1164 1032 oraculum

60 1057 239 1134 consuluit,
250 1076 316 1139 quo
333 1078 506 1139 responso,
529 1076 637 1138 quove
654 1055 754 1134 exitu,
764 1053 884 1117 ibidem
899 1053 1011 1115 disces.
1034 1055 1169 1119 Sonam·

145 1141 223 1202 End.
236 1146 257 1207 l.
273 1152 304 1211 3.
333 1142 466 1222 Ξίφει]
491 1140 684 1224 Ambiguum
699 1153 756 1202 est.
801 1140 871 1200 Nec
884 1139 962 1200 inde
976 1139 1165 1222 potesttlis·

60 1224 110 1298 ei,
133 1240 240 1284 utrum
256 1248 273 1285 a
287 1226 414 1286 Parthis
430 1228 472 1287 sit
490 1226 699 1300 interfectus,
724 1246 763 1285 an
785 1246 818 1285 se
833 1224 903 1304 ipse
918 1224 986 1285 vita
1010 1223 1165 1300 privare-⁶

59 1311 115 1369 rit.
161 1310 196 1371 Si
221 1313 294 1390 quis
308 1315 395 1372 solos
411 1314 495 1394 legat
512 1309 651 1395 locosxin
667 1310 760 1373 Alex.
777 1331 804 1375 c.
819 1317 871 1377 27.
886 1322 919 1370 et
934 1306 1113 1391 Xipbilino,
1136 1310 1165 1369 is

59 1415 135 1454 eum
149 1394 275 1475 putabit
290 1418 307 1456 a
323 1395 451 1456 Parthis
466 1415 534 1456 esse
550 1399 615 1455 leto
633 1392 753 1456 datum.
783 1393 844 1459 'Td
859 1392 962 1468 πάθος
982 1396 1079 1458 ἐκεῖνο
1102 1400 1166 1457 πᾶν

61 1477 193 1538 videtur
209 1501 277 1539 esse
293 1481 397 1559 omnis
411 1481 471 1542 iste
483 1499 574 1540 casus
583 1524 593 1555 ,
618 1479 742 1554 omnia,
767 1500 848 1562 quae
865 1478 1039 1540 Severiano
1055 1491 1087 1538 et
1101 1496 1167 1538 ex-
1207 1532 1210 1539 .
1296 1509 1299 1519 ·

61 1563 179 1622 ercitui
199 1563 395 1626 acciderunt.
425 1556 515 1629 R’nn.
559 1564 694 1624 Rectius
715 1562 755 1624 ob
780 1560 948 1646 sequentia
971 1561 1166 1646 intelligitur

60 1649 229 1708 Severiani
252 1671 353 1728 mors,
375 1648 555 1732 hujusque,
587 1668 670 1730 quae
693 1649 778 1710 forte
801 1663 911 1723 erent,
944 1667 1090 1720 caussae,
1111 1649 1190 1724 rel¹
1251 1680 1267 1707 x

60 1733 209 1810 morbus,
235 1739 285 1795 vel
302 1740 439 1812 vulnus,
469 1738 521 1795 vel
542 1730 650 1794 inedia
673 1748 735 1796 etc.
758 1746 795 1792 ut
816 1753 926 1793 sensus
950 1733 1009 1794 sit:
1031 1733 1167 1813 Impruss

61 1817 176 1877 denter
193 1821 248 1880 ille
268 1817 365 1878 linxit
387 1820 595 1881 Severianum
621 1816 729 1878 inedie
750 1837 818 1878 esse
837 1816 1035 1890 absumtum,
1065 1836 1166 1899 quum

62 1904 150 1961 inter
167 1925 307 1985 pugnam
323 1916 356 1963 et
370 1916 504 1964 mortem
523 1906 592 1983 ejus
610 1901 706 1961 trium
731 1916 857 1961 tantum
881 1900 1004 1964 dierum
1023 1900 1165 1983 spatium
1209 1920 1213 1948 t

63 1987 297 2063 intercesserit,
322 1987 418 2046 nimis
435 1986 516 2048 illud
532 2001 652 2046 arctum
668 1986 702 2044 in
717 1984 805 2046 bunc
821 1985 929 2064 finem,
945 2007 1042 2069 quum
1057 1985 1167 2044 bomi·
1187 2025 1190 2029 -

61 2090 120 2130 nes
138 2070 206 2131 fere
221 2073 317 2131 etiam
331 2085 452 2152 septem
468 2071 590 2133 dierum
606 2068 747 2131 inediam
763 2071 902 2151 perferre
919 2074 1056 2131 valeant.
1085 2070 1168 2149 Me-

63 2156 114 2236 gis
134 2156 229 2214 etiam
254 2155 309 2216 hic
334 2176 445 2217 sensus
462 2155 665 2233 inclarescit,
689 2157 735 2229 si,
760 2154 842 2216 duce
858 2155 940 2218 Cod.
957 2159 1069 2233 2954„
1093 2174 1167 2215 cum

62 2238 171 2300 Belino
188 2254 221 2302 et
238 2240 426 2302 Schmiedero
440 2264 498 2324 pro
514 2244 608 2306 ἐκεῖνο
627 2241 741 2324 legeris
756 2242 875 2326 ἐκείνῳ,
900 2238 988 2322 quod
1010 2238 1052 2300 ob
1067 2242 1167 2321 mejo-

60 2345 127 2469 ἴω
146 2340 320 2404 syntaxeos
336 2327 525 2389 facilitatem
540 2325 712 2387 alibrariis
726 2326 762 2386 in
783 2323 864 2386 illud
879 2339 1036 2385 mutatum
1058 2322 1166 2386 credo·

95 2431 182 2469 BHM·

149 2495 228 2559 End.
246 2499 268 2557 l.
287 2504 319 2564 9.
343 2494 559 2582 Σεβηριανός)
588 2493 781 2580 Σεβηριανός
803 2499 879 2582 λιμῷ
899 2498 990 2573 (non
1012 2495 1105 2581 liupr,
1128 2505 1168 2553 υἱ

39 2624 42 2631 .
63 2592 113 2638 est
129 2578 161 2636 in
181 2581 340 2647 animadv.
359 2584 399 2644 L.
414 2582 497 2663 Bos)
520 2576 684 2662 viredinem,
709 2582 762 2645 nul
776 2578 827 2645 dcci
847 2587 936 2644 τοῦτο
961 2573 1019 2643 crin
1038 2577 1168 2671 ἐπήγαγε

63 2661 114 2726 διὰ
130 2671 183 2742 τῆς
197 2663 337 2748 ἑβδόμης.
382 2667 498 2727 Sensus
513 2665 683 2726 verborum
696 2679 763 2726 est:
795 2665 984 2725 Severinum
1005 2667 1086 2724 intra
1101 2667 1169 2724 tri-

65 2747 156 2806 duum
169 2766 315 2810 mortuum
323 2751 440 2837 frrirse,
465 2774 530 2811 cnm
547 2750 676 2810 inediam
691 2748 733 2808 od
745 2752 896 2830 septimum
909 2773 999 2831 usque
1012 2745 1088 2808 diem
1101 2768 1168 2831 per·
1203 2816 1209 2830 ἱ
1241 2792 1246 2807 .

53 2832 165 2916 serant
178 2833 331 2917 plerique5
353 2839 412 2895 nisi
423 2839 450 2897 si
463 2839 529 2918 quis
546 2835 695 2894 adstitisse
705 2848 787 2915 putet
806 2832 918 2902 Uercin
926 2877 936 2908 ,
961 2848 988 2891 et
999 2847 1170 2914 exspectes·

65 2941 110 2988 se,
142 2915 329 3004 donecsbme
352 2936 466 2981 enectus
489 2935 560 2978 esset
580 2919 769 2997 Severianus,
799 2933 826 2978 et
845 2933 1001 3000 propterea
1021 2938 1085 2977 eum
1108 2938 1170 2977 nort

62 2999 244 3082 produxisse
256 3009 348 3064 viram
362 3030 416 3088 per
429 3002 626 3065 bebdomada.
670 3003 832 3084 Interpree
847 3017 1008 3082 postrema
1030 2997 1078 3060 sic
1092 2998 1169 3062 red-

67 3084 208 3147 diderat:
238 3105 264 3149 et
279 3090 386 3152 oblico
405 3114 469 3149 eum
487 3113 541 3171 per
560 3105 666 3170 septem
691 3087 807 3148 diesin
823 3089 919 3148 eciem
939 3083 1176 3169 consuluerim:

65 3170 183 3230 Verum
198 3171 261 3233 hoc
275 3173 428 3235 denotare
443 3173 582 3258 ἐπάγειν,
606 3171 692 3234 unde
707 3171 861 3233 didicerit
874 3171 941 3249 itte,
964 3170 1085 3232 nescio.
1107 3169 1171 3230 Est

64 3250 188 3337 ἐπάγειν
204 3256 257 3317 hic
274 3258 420 3337 absolute
437 3262 576 3338 positum
592 3281 651 3340 pro
669 3253 854 3342 inciperetis
868 3261 953 3338 βίον,
985 3253 1018 3316 h.
1038 3256 1170 3316 e.im-
1212 3298 1220 3318 .

61 3364 115 3423 per
133 3365 218 3424 ogere
231 3346 344 3416 vitam,
359 3343 529 3426 producere
540 3348 649 3422 vitem,
675 3340 940 3426 quemadmodum
955 3335 1040 3425 dyest
1054 3354 1087 3400 et
1102 3335 1169 3417 dsci-

64 3450 131 3507 yrw
152 3427 297 3488 absolute
316 3429 412 3490 etiam
436 3444 609 3511 usurpatur
628 3430 699 3492 sine
717 3448 799 3490 voce
812 3431 892 3512 βίον.
935 3427 1027 3487 Haec
1045 3424 1081 3483 in
1094 3422 1172 3485 ani·-¹

66 3509 220 3575 madvers.
239 3533 268 3592 p.
281 3519 334 3582 63.
356 3514 399 3577 L.
414 3515 496 3576 Bos.

151 3595 230 3658 Ibid.
252 3592 422 3685 Έπήγαγε)
445 3602 547 3662 Recte
567 3596 695 3682 quidem
714 3598 755 3660 L.
769 3598 833 3661 Bos
845 3596 909 3659 hoc
924 3594 1056 3657 verbum
1071 3591 1172 3655 medo

66 3682 238 3760 exposuitr
263 3704 329 3744 non
345 3700 450 3746 temen
466 3699 531 3764 est,
556 3683 643 3766 quod
658 3681 737 3745 adeo
752 3683 894 3766 praecise
907 3692 1018 3764 neget,
1041 3678 1076 3740 id
1092 3698 1171 3770 qno·

68 3766 179 3844 quein
195 3767 297 3828 eciem
319 3768 453 3831 educere
467 3769 651 3852 significare
668 3788 780 3849 posse:
802 3788 876 3826 nans
894 3762 1042 3851 inciperet
1059 3760 1174 3846 erpoti-

66 3874 111 3931 ym
124 3849 158 3907 in
175 3849 303 3912 bellicis
315 3853 581 3936 expeditionibus
595 3856 765 3939 frequens,
789 3872 849 3934 pro
863 3855 964 3929 irruo,
985 3848 1095 3913 induco
1109 3870 1173 3910 etc-

64 3936 187 3992 erm'tum
202 3936 235 3992 in
251 3936 396 4013 hostem
421 3938 566 4021 adeoque
583 3960 649 3999 non
668 3938 714 3997 ita
727 3941 824 4023 longe
848 3936 982 3997 abludit·
991 3935 1029 3995 nb
1052 3933 1173 3995 educere

65 4021 98 4075 in
114 4021 216 4078 aciem.
259 4023 362 4100 Dixi,
387 4023 501 4098 credo,
527 4026 565 4085 de
581 4020 861 4105 bocsignilicatu,
883 4040 923 4085 ex
945 4002 1072 4083 Arriae.
1096 4020 1173 4079 Ex-

65 4102 141 4184 ped·
158 4103 192 4182 I,
212 4111 240 4170 1·.
257 4126 291 4189 Ρ.
305 4117 337 4179 6.
349 4124 411 4177 etc.
429 4108 471 4171 ad
482 4110 629 4175 Hermot.
644 4131 669 4176 ο.
683 4116 735 4179 68.
764 4109 883 4174 Verum
900 4105 976 4173 ideo
993 4102 1184 4193 nibilombp
