2634 4680
159 272 236 349 696
431 276 1004 333 sunorsrrorras

245 434 325 499 Ean.
341 438 364 497 1.
379 439 409 498 7.
437 425 610 511 Μαλᾶχην)
635 428 758 489 Confer
773 444 870 509 supra
887 444 914 487 ο.
929 432 984 493 28.
1002 424 1135 487 Socra.
1167 424 1274 511 Quam

160 543 276 604 nempe
298 518 337 579 ad
362 518 425 577 hoc
449 516 555 594 ipsum
578 511 758 574 discedenti
782 533 824 572 ex
845 510 989 573 Heroum
1009 511 1119 572 insula
1142 510 1275 575 dederat

159 601 438 669 Rhadamanthus.
462 598 567 663 Gnsn.
610 597 650 658 In
676 595 727 655 his
749 594 868 656 allusio
885 593 972 656 inest
986 592 1027 655 ad
1042 594 1179 659 Homeri
1191 603 1274 679 pnite

162 691 280 771 odyss.
301 694 347 764 X,
363 691 437 753 305.
463 697 497 743 et
511 702 593 764 quae
614 694 726 764 postea
744 680 859 742 stricto
883 678 994 763 gladio
1014 692 1272 763 extorquentur,

161 791 193 843 et
211 776 289 835 haec
309 770 456 831 referunt
476 767 647 850 imaginem
672 766 780 827 stricti
798 765 836 825 ab
852 762 971 844 Ulysse
984 762 1138 827 adversus
1154 766 1271 829 Circen

161 859 282 947 gladii,
306 852 388 915 ibid.
404 876 433 917 v.
451 860 527 920 821.
544 866 581 911 ut
592 858 679 913 recte
694 847 922 911 animadvertit
935 848 1071 931 Bels‘rrur.
1093 850 1220 915 Latrat.

76 1012 79 1017 .
243 939 323 1003 End.
339 942 360 997 1.
380 946 429 1004 12.
451 931 671 1012 Ὀνοσκελέας)
699 936 754 997 De
776 934 838 995 hac
852 934 985 1015 copiose
1005 930 1133 996 coelem
1180 938 1270 997 Tan-

161 1029 210 1113 git
227 1024 351 1087 Gilbert.
370 1020 544 1085 Gaulminus
559 1019 600 1082 ad
611 1018 753 1085 Puellam.
774 1020 914 1103 Interpr.
929 1016 1132 1103 Aristopisan.
1150 1017 1195 1085 ad
1209 1022 1268 1083 lta-

162 1132 232 1175 nas.
253 1110 390 1172 Bonan.

298 1531 381 1667 ru
433 1584 1121 1669 rraauurcrnatt.

246 1797 322 1881 Peg.
338 1805 410 1867 323.
423 1801 445 1860 1.
458 1805 490 1865 3.
507 1793 641 1877 Ἀνῆλθὲ
658 1820 704 1872 τις
719 1800 800 1880 etc.)
819 1796 1053 1881 Argumentum
1066 1792 1167 1879 hujus
1182 1814 1264 1857 con·

162 1886 340 1946 troversiae
356 1883 391 1942 in
410 1881 603 1944 Collectaneis
620 1881 762 1945 Galeanis
772 1883 931 1966 integrum
948 1880 1080 1963 legitur.
1110 1882 1240 1943 donn.

248 1968 328 2031 Ean.
343 1972 366 2029 l.
384 1971 415 2037 5.
440 1970 502 2031 Καὶ
516 1965 631 2045 αὐτὸν)
656 1970 715 2031 Καὶ
728 1968 837 2029 abesse
849 1966 944 2028 etiam
958 1986 977 2025 a
992 1962 1077 2027 Flos.
1090 1978 1188 2027 notat
1199 1964 1263 2027 So·

163 2054 251 2117 lauru
266 2055 300 2112 in
315 2074 381 2112 mar
405 2100 412 2115 .
429 2052 459 2115 J.
491 2051 526 2111 Si
538 2073 578 2114 eo
591 2051 772 2115 charactere
788 2054 875 2118 Flor.
890 2049 979 2111 Edit.
988 2094 998 2127 ,
1022 2063 1062 2110 ut
1075 2046 1179 2129 solet,
1203 2047 1261 2111 ds-

163 2142 289 2222 signat,
312 2076 412 2209 end,
445 2157 518 2196 nam
540 2151 704 2217 comparet
725 2137 760 2198 in
778 2158 826 2200 ca.
870 2134 977 2221 igitur
997 2132 1154 2199 Codioent
1172 2134 1260 2200 Flor-

163 2222 361 2285 intellexerit
375 2236 511 2303 oportet.
540 2221 663 2282 Rnrrz.

247 2308 324 2387 Pag·
341 2314 413 2373 324.
430 2310 451 2366 l.
468 2315 496 2374 1·
517 2302 835 2387 Ἀποσκευασοὶμενος)
865 2304 913 2366 Ut
933 2303 1020 2367 Gaili
1041 2302 1184 2388 dependet
1201 2322 1259 2387 pto

164 2391 326 2475 occidere,
350 2403 382 2451 et
400 2411 458 2450 nos
482 2389 649 2476 syncopen.
694 2393 748 2455 Sic
767 2406 800 2453 et
821 2388 1089 2467 Herodicum,
1108 2400 1145 2469 1,
1160 2396 1193 2457 7.
1209 2384 1261 2455 εὖ.

161 2479 243 2551 θέας
260 2475 315 2539 οὐν
330 2469 402 2549 τούς
414 2500 447 2539 τε
461 2481 569 2556 φίλους
581 2471 751 2549 πάντας-
767 2471 1005 2541 ἀπεσκευάσατο.
1047 2474 1098 2535 Ac
1111 2492 1259 2559 persaepe

162 2561 257 2623 alibi:
282 2556 371 2641 quod
386 2574 491 2623 tamen
504 2560 632 2640 plenius
648 2561 740 2623 effert
759 2563 802 2623 L.
818 2570 855 2640 2,
875 2568 932 2642 10,
947 2565 979 2628 7·
1000 2564 1145 2627 τοιοῦτον
1164 2558 1262 2641 ἄνδρα

92 2678 96 2683 ·
162 2643 253 2731 φόνῳ
268 2641 520 2710 intentationum.
542 2646 666 2707 Rnrrz.

247 2729 324 2792 Ean.
346 2734 366 2791 1.
380 2736 409 2798 8.
438 2732 558 2810 Zoivst)
590 2731 630 2790 In
651 2730 763 2793 libello
784 2728 1004 2812 Tyrannicida
1031 2728 1194 2811 inscripto
1215 2726 1262 2791 ait

162 2830 274 2877 auctor
289 2836 316 2878 c.
327 2824 355 2882 1.
370 2812 411 2880 ‘0
422 2826 494 2891 παῖς
508 2816 541 2880 δὲ
553 2818 671 2881 ἐκείνου
686 2811 879 2899 (τυράννου)
892 2816 1022 2897 τέθνηκε
1034 2814 1089 2897 μὲν
1100 2808 1160 2883 tirr’
1173 2816 1259 2897 ipati·

160 2898 330 2985 ὑπηρέτησε
344 2900 377 2967 δέ
390 2926 443 2981 μοι
457 2902 509 2966 καὶ
523 2893 693 2967 ἀποθανών
706 2899 782 2982 πρὸς
794 2900 885 2967 ἄλλον
897 2897 1010 2985 pirou,
1023 2904 1111 2977 ζῶντι
1121 2898 1177 2981 μὲν
1190 2920 1262 2965 σαν-

161 2992 275 3050 αὸτποῐν
297 2991 342 3072 spi
355 2988 463 3066 πατρὶ,
485 2981 559 3067 μετὰ
573 2983 709 3051 θάνατον
729 2986 760 3051 δὲ
774 2981 1037 3069 πατροκτονήσας,
1058 2978 1101 3061 ὥς
1121 2978 1259 3051 trivam

159 3068 360 3131 Rotundiori
381 3086 413 3130 et
427 3068 601 3132 efficaciori
617 3091 712 3132 sensu
735 3071 865 3132 videtur
885 3069 967 3132 mihi
983 3068 1142 3133 menam
1155 3068 1262 3149 scrip-

160 3155 239 3216 sisse
254 3158 322 3229 ζῶν.
366 3155 498 3215 Scilicet
514 3154 558 3233 is,
583 3154 640 3237 qui
658 3171 830 3235 tyrannum
849 3155 955 3237 ipsum
978 3152 1129 3217 cocidere
1143 3156 1261 3217 volsta-

160 3253 226 3316 rat‚
251 3260 324 3299 arce
348 3260 537 3318 conscensa,
559 3239 692 3300 invento
710 3239 840 3320 tyranni
860 3238 931 3300 iilic
952 3236 1135 3315 trucidato,
1157 3251 1192 3301 et
1211 3246 1260 3303 'rt-

42 3378 46 3385 .
158 3322 250 3387 licto¹
267 3319 393 3406 gladio,
416 3322 547 3405 effugit:
569 3337 660 3405 pater
676 3322 868 3384 trucidatum
893 3324 997 3385 filiurn
1019 3324 1204 3404 reperiens,
1225 3334 1259 3383 at

160 3408 231 3489 ipse
245 3406 347 3469 eidem
363 3407 412 3468 illi
428 3407 535 3490 gladio
551 3408 711 3470 incubuit.
743 3407 850 3471 ¹Filius
863 3412 962 3491 itaque
979 3410 1114 3493 tyrsum,
1138 3404 1255 3491 inquit,

159 3516 226 3552 meu
239 3491 355 3575 quidem
371 3517 459 3553 manu
475 3492 597 3569 cecidit,
620 3510 653 3554 nt
661 3498 728 3576 jam
745 3510 877 3555 mortuus
888 3493 963 3554 milri
977 3490 1020 3555 ud
1033 3490 1128 3553 aliam
1138 3488 1254 3553 caedem

121 3613 125 3620 -
158 3580 350 3638 ministerium
369 3580 534 3659 praestitit5
568 3581 650 3639 vivus
672 3577 790 3663 quidem
813 3600 875 3639 unu
894 3600 961 3639 cum
978 3592 1067 3660 patre
1084 3578 1210 3661 injurius
1227 3588 1255 3635 et

159 3662 294 3745 iniquus,
320 3678 451 3723 mortuns
472 3686 555 3740 vero,
581 3679 682 3746 putre,
713 3687 773 3747 que
794 3664 906 3745 potuit,
928 3658 1090 3723 trucidato.
1113 3660 1253 3721 ssFilinttt

159 3766 298 3826 namque
320 3746 410 3829 quasi
430 3767 569 3807 caussam
586 3762 738 3827 paternae
760 3746 866 3810 caedit
885 3744 1049 3829 agnoscit,
1074 3766 1147 3807 curn
1165 3755 1254 3827 patet

159 3850 235 3909 prae
252 3834 447 3915 φιλοστοργία
463 3831 527 3890 sibi
548 3831 618 3913 ipse
632 3834 791 3895 violentas
811 3851 923 3891 manus
937 3828 1096 3891 intulerit.
1138 3828 1255 3913 Longa
1304 3890 1309 3906 ,

159 3913 335 3994 perfectior
348 3930 397 3977 est
418 3914 588 3976 antithesis
606 3921 703 3977 vivens
717 3941 777 3977 una
792 3940 859 3979 cum
870 3930 957 4000 putre
969 3898 1098 3997 irrjurdm
1112 3916 1256 3985 ατετοαίτ,

159 4014 290 4059 mortuus
301 3999 496 4080 parricidium
509 4005 672 4081 commisit‚·
695 4016 732 4061 ut
747 4014 870 4083 pateat,
894 3998 1026 4081 tyranni
1043 3996 1149 4059 filiunt
1163 4010 1197 4061 et
1210 3996 1266 4083 vi·-

160 4103 235 4146 vum
253 4096 285 4145 et
300 4098 460 4147 mortuum
474 4086 574 4149 fuisse
589 4086 886 4159 sceleratissimum
909 4080 1096 4169 atquosdco
1109 4080 1258 4171 palpitet·
