2634 4680
202 286 205 294 ·
256 285 296 331 tu
323 282 505 341 Quonooo
534 278 707 329 ursrom's
737 274 794 328 su*
818 281 967 345 corson.
1077 260 1152 337 54⁷
1199 304 1202 308 ·
1257 259 1261 279 '

60 429 190 494 videtur
209 449 386 503 consonare
403 428 465 490 toti
483 426 744 500 ratiocinationi,
767 441 800 501 st
822 427 946 488 aberrat
961 429 999 488 ab
1013 430 1158 496 auctoris

62 537 174 598 scopo.
217 512 297 574 Ideo
312 535 377 573 non
401 513 563 595 suspicor,
587 509 962 591 ssalirmlss'imac'rsdo,
984 514 1154 578 Lucianmn
1232 582 1237 592 ,

61 601 226 681 scripsisse
246 591 336 662 oridia
349 594 477 661 κωλύσει
493 593 520 685 η’
534 591 591 677 aitp'·
605 592 793 677 Ἡρακλέους
804 598 954 681 γενέσθαι,
978 598 1153 681 quodqui-

61 685 132 743 dam
148 688 214 744 uo'u
232 683 468 764 intelligentes,
492 695 525 742 et
540 693 706 759 putantes,
731 674 845 741 debere
862 682 1021 765 intelligi,
1044 683 1152 744 Nica-

60 783 194 828 stratum
215 788 232 829 e
250 767 400 848 prosapia
423 758 572 826 Herculis
592 778 625 825 et
645 779 793 824 octavum
815 764 854 825 ab
878 765 1018 828 Hercule
1038 767 1155 845 fuisse,¹

61 852 148 934 quod
165 867 229 927 est,
253 849 426 932 trinepotis
448 848 566 925 filium,
589 847 799 925 stridentes,
822 847 855 907 id
871 849 1070 931 impossibile
1083 872 1152 914 esss

60 959 101 998 en
116 937 243 996 ratione
262 933 431 1015 temporis,
452 932 578 992 literam
599 937 790 993 numeralem
803 930 837 1014 η’
859 939 1067 997 sustulerunt.
1112 939 1156 999 At

60 1017 173 1103 dydiau
187 1013 440 1099 ἀφ”Ηρατλέους
453 1037 519 1077 non
536 1015 576 1076 da
589 1016 692 1100 stirpe
706 1015 961 1102 intelligendum,
980 1019 1073 1099 quasi
1086 1022 1155 1081 irre·¹

59 1108 105 1165 rit
128 1106 184 1166 ille
206 1104 411 1164 Nicostratus
431 1099 635 1177 Heraclides,
667 1099 786 1172 sedda
802 1096 920 1183 ordine
941 1123 1066 1180 eorum,
1096 1106 1154 1185 qui

59 1193 166 1250 luctae
191 1202 224 1250 et
244 1186 404 1269 pancratii
429 1188 565 1267 palmam·
580 1186 686 1245 'simul
705 1183 816 1247 eadem·
836 1174 1077 1267 reportaverant
1090 1188 1152 1265 tlie,

61 1294 198 1354 quorum
216 1272 338 1353 primus
358 1282 543 1332 numeratur
557 1266 717 1355 Hercules,
742 1269 900 1336 secundus
916 1258 1029 1353 Captus
1043 1272 1152 1355 Eleius,

62 1357 102 1418 de
118 1378 182 1439 quo
195 1360 258 1438 jam
282 1376 378 1437 supra
397 1354 436 1414 ad
454 1354 635 1416 Pausaniam
651 1355 685 1413 ia
705 1352 848 1415 Heliacis
864 1376 894 1433 p.
914 1363 983 1422 170.
1001 1353 1154 1434 diximus,

60 1442 173 1502 tertius
195 1442 397 1502 Aristomenes
417 1438 571 1513 Rhodius,
595 1454 727 1521 quartus
749 1438 950 1522 Pratopltanes
973 1440 1156 1521 Magnesiae,

60 1527 195 1608 quintus
213 1525 337 1586 Straton
356 1523 604 1600 Alexandrinus,
629 1539 736 1586 sextus
757 1525 901 1585 Marioon
916 1524 1155 1601 Alexandrinas,

58 1610 213 1691 septimus
228 1611 365 1670 Aristeas
380 1610 622 1681 Stratonicensis,
646 1622 778 1670 octavus
786 1609 974 1670 Nicostratus
988 1608 1073 1672 Cilix
1086 1612 1158 1670 Ae-

57 1710 192 1777 gaeates,
216 1691 256 1754 de
272 1714 337 1776 quo
352 1692 406 1753 hic
419 1695 564 1776 loquitur
575 1693 744 1769 Lucienus,
768 1694 823 1777 qui
838 1699 955 1752 luctata
977 1710 1009 1754 et
1026 1715 1157 1772 pancra-

62 1781 143 1840 tium
163 1777 246 1842 vicit
266 1776 460 1858 Olympiade
480 1783 552 1844 204.
576 1798 668 1858 quem
696 1779 792 1838 etiarn
814 1786 968 1845 memorat
987 1779 1159 1840 Pausanias

60 1864 188 1925 Heliae.
205 1869 234 1929 1.
264 1863 308 1924 Et
323 1883 364 1922 ex
380 1861 442 1922 hoc
456 1864 528 1921 loco
541 1873 574 1920 et
587 1860 742 1922 Pausania
758 1861 964 1946 corrigendus
981 1862 1030 1922 es't¹
1044 1863 1156 1940 Olym-

60 1947 264 2032 pionicarum
282 1949 445 2028 catalogus
467 1967 483 2004 a
503 1946 564 2005 Ios.
581 1940 734 2027 Scaligero
751 1945 951 2027 publicatus,
975 1948 1031 2005 ubi
1049 1946 1158 2007 Stratis

61 2046 214 2108 vocatur,
230 2034 319 2090 male.
354 2030 454 2089 Error
469 2045 614 2091 natusest
630 2052 686 2108 eo,
705 2030 793 2114 quod
810 2032 896 2094 forte
910 2031 1013 2092 literis
1028 2031 1158 2112 fugien-

62 2117 149 2176 tibus
165 2116 330 2198 legebatur
349 2111 534 2197 παγκράτιον
550 2117 600 2180 stati
618 2111 710 2179 πάλιν
725 2142 775 2181 vta
797 2111 886 2196 στρος
892 2162 903 2193 ,
927 2115 1013 2175 unde
1030 2114 1160 2173 divina-

63 2201 113 2262 vit
131 2199 309 2280 exscriptor
324 2202 419 2263 νίκων
433 2197 561 2278 aspiras.
606 2198 686 2260 Cum
708 2222 785 2283 ergo
801 2201 1006 2262 Nicostratus
1021 2201 1076 2258 ille
1095 2199 1161 2259 vic·

60 2301 114 2346 tor
129 2284 331 2344 renuntiatus
346 2284 446 2347 fuerit
462 2283 592 2367 Olymp.
608 2292 680 2353 204.
697 2307 714 2346 a
728 2289 824 2366 Troja
839 2306 915 2347 vero
932 2298 1024 2367 capta
1040 2282 1078 2343 ad
1094 2283 1160 2361 pri.

62 2391 144 2429 mam
162 2367 386 2449 Olympiadem
411 2384 618 2437 numerentur
634 2370 712 2430 anai
728 2369 955 2454 quadringenti
972 2383 1046 2430 octo
1061 2370 1162 2427 circi-

63 2470 128 2530 ter,
151 2456 305 2514 Hercules
329 2475 405 2516 vero
423 2453 542 2515 vixerit
564 2458 779 2536 ariteTrojarn
803 2471 926 2536 captam
953 2475 1016 2513 uua
1033 2470 1162 2536 genera·

65 2540 156 2599 tione
170 2536 209 2597 ad
222 2537 345 2615 minus,
361 2538 565 2599 manifestum
581 2553 647 2615 est,
666 2540 885 2599 Nicostratum
902 2539 992 2599 illurn
1007 2560 1073 2598 non
1090 2557 1162 2618 pos·
1229 2574 1232 2579 ·

65 2644 99 2683 se
119 2620 276 2682 numerari
301 2636 449 2681 octavum
473 2621 511 2681 ab
538 2624 677 2684 Hercule
705 2622 889 2686 secundum·
903 2622 1163 2707 generationem:

65 2729 138 2766 nam
163 2702 359 2764 numerando
381 2704 514 2787 triginta
543 2720 645 2765 annos
668 2709 701 2765 in
724 2727 853 2788 unaque
880 2730 919 2768 ue
942 2706 1162 2788 generatione,

67 2806 105 2850 ut
125 2793 242 2848 volunt
266 2786 486 2870 Chrouologi,
511 2787 771 2852 vixlsufficerent
796 2728 1008 2873 quadraginta
1031 2810 1165 2872 genera·

67 2875 185 2934 tiones.
213 2872 329 2953 Itaque
344 2891 419 2931 vero
436 2874 543 2933 verius
556 2889 604 2934 est
620 2872 733 2935 debere
746 2877 828 2957 legi,
852 2871 881 2954 η’
896 2868 955 2954 ἄρ’
965 2870 1164 2956 Ἡρακλέους,

67 2972 100 3020 et
116 2956 255 3039 intelligi
272 2976 338 3016 non
356 2954 394 3015 de
410 2956 519 3037 stirpe,
543 2957 598 3018 scd
613 2958 652 3019 de
666 2961 811 3020 victoriis
829 2959 1029 3041 Olympiacis
1044 2948 1162 3033 lu'ctte,

67 3057 100 3103 et
113 3041 283 3123 pancratii.
305 3041 419 3100 Patra.
463 3041 501 3104 Si
524 3042 577 3103 cui
594 3064 659 3104 oon
682 3044 860 3104 satisfaciat
878 3042 1070 3105 Palmeriana
1088 3062 1177 3112 con·¹

65 3132 204 3209 jectura,
229 3124 330 3202 (mihi
349 3124 478 3206 quidem
495 3128 576 3188 satis
593 3141 686 3189 tanto
703 3127 809 3188 minus
831 3129 928 3201 facit,
953 3127 1041 3211 quod
1066 3125 1163 3186 video

66 3212 169 3271 Verae
185 3209 270 3274 Hirr.
285 3209 342 3272 lib.
357 3217 387 3277 2.
406 3232 431 3275 c.
448 3218 499 3280 22.
521 3212 670 3274 similiter
694 3212 814 3273 dixisse
829 3214 1001 3290 Nostrum,
1025 3204 1164 3292 Kaipocti

64 3288 127 3442 ἐρ’
145 3293 356 3440 Ἰἷρρκλίονὲἔ
381 3294 436 3357 ille
457 3298 600 3443 383³}
620 3298 835 3451 apzppa‘tlpuc
849 3296 1034 3452 regppensdtus
1046 3294 1164 3442 lslitnig:

101 3402 291 3457 reosrau,
399 3402 441 3441 uo
489 3407 549 3445 ιο,
589 3407 628 3445 tc.
728 3427 858 3459 ,..
941 3402 1079 3443 .e.

67 3464 126 3552 γὰρ
141 3460 249 3548 ἆοῖνὴρ
266 3455 357 3539 οὗτος
370 3400 488 3547 ripuaria
502 3469 553 3531 nal
565 3464 676 3553 πράξαν
692 3471 744 3533 ttal
759 3405 1001 3550 pontissarensi,
1023 3403 1165 3549 pisatypb·

68 3560 127 3632 ripa
141 3552 215 3632 ἔχων
231 3557 270 3635 τῇ
280 3547 427 3633 φρονήσει
439 3554 560 3632 μανίαν.
610 3559 654 3641 Τῇ
666 3550 725 3638 γὰρ
739 3560 796 3617 τοῦ
810 3550 948 3633 στὸματος
960 3549 1045 3636 ῥώμῃ
1060 3546 1164 3633 drani·

70 3661 134 3714 pav
148 3638 243 3717 ἐμίμει
257 3634 311 3700 τὸν
327 3629 481 3716 Ἠρακλέα
503 3634 639 3713 auaritia
652 3642 821 3724 στρατείας,
842 3639 896 3702 ttal
907 3643 1033 3718 λεοντῆν
1048 3633 1165 3718 ἱφὸρετ,

69 3723 121 3787 stul
136 3718 272 3804 ῥόπαλον
286 3721 318 3784 ἐν
330 3729 394 3793 ταῖς
408 3719 524 3803 μάχαις.
550 3723 655 3784 Gaas.
983 3748 986 3753 ·

154 3804 233 3865 laist.
252 3801 323 3885 'Ap'
341 3801 550 3885 Ἡρακλέους)
571 3808 679 3866 Docta
701 3821 750 3867 est
772 3827 848 3867 sane
869 3821 901 3868 et
918 3820 1008 3866 acuta
1024 3803 1168 3868 Palmarii

69 3893 273 3969 conjectura,
298 3888 353 3949 sed
367 3889 451 3949 nihil
466 3906 574 3952 tamen·
588 3890 786 3951 mutandum.
817 3892 1031 3974 Neque-enim
1047 3890 1085 3949 ad
1101 3910 1166 3949 rern

69 3975 240 4055 quicquam
256 3973 351 4052 iacit,
375 3988 491 4061 quotus
506 3975 622 4037 ordine
635 3976 838 4035 Nicostratus
853 3976 891 4035 ab
902 3978 1040 4036 Hercule
1056 3976 1167 4035 fuerit.

68 4059 122 4120 De
136 4058 198 4118 hoc
212 4057 398 4120 Nicostrato
415 4080 446 4121 r.
463 4059 632 4128 Plau-494·
645 4060 670 4121 f.
687 4067 758 4128 949,
771 4061 807 4124 G.
829 4062 944 4136 (Alius
960 4059 987 4122 is
999 4075 1046 4123 est
1063 4059 1102 4120 ab
1114 4076 1167 4131 ee,

822 4147 873 4214 ,Μ
888 4169 918 4206 m
943 4154 964 4214 2
