2634 4680
307 297 909 361 rarrnnnorrnuu.
1083 283 1170 356 479⁶

152 445 230 509 ibid.
252 443 400 527 Λὶαηαν)
421 441 497 506 vid.
519 464 614 525 supra
633 443 762 528 Nigris.
778 464 807 504 e.
821 450 852 508 7.
867 464 906 505 ex
921 442 1085 510 divisione
1096 449 1168 511 So-·

66 530 146 606 lani‚·
170 530 224 591 sed
243 532 318 612 quia
335 532 398 589 alia
412 528 459 587 ibi
476 531 562 588 facta
581 531 721 610 capitum
735 527 867 606 divisio,
892 529 953 591 erit
968 547 1065 614 osput
1080 554 1167 615 pttt·¹

64 617 187 674 xirnum
208 618 259 676 vel
282 619 415 675 alterum
434 612 472 672 ab
495 615 572 689 illo,
595 614 683 694 qnod
704 617 767 695 jam
788 612 951 695 inquirere
972 636 1040 677 non
1056 635 1161 681 vacet.
1217 644 1221 657 ·

62 699 187 758 Rnrrz.
232 699 340 780 Caput
353 713 400 758 est
413 697 546 781 Nigrini
564 706 613 768 13.
625 713 704 760 extr.
718 699 753 758 in
769 717 833 782 quo
847 699 967 781 legitur
979 707 1034 783 τῆς
1046 705 1161 785 διαίτης

57 780 93 846 τὸ
113 778 287 847 ἀκόλαστον.
310 783 430 842 LEHM·

147 867 224 929 End.
239 872 259 932 l.
279 876 328 933 10.
349 864 526 949 Ἐλλέβορον
540 873 621 930 πιεῖν
638 867 718 944 etc.)
741 864 809 926 Alii
831 866 925 926 multi
942 866 1082 954 bonique
1096 869 1162 932 hoo

62 950 103 1010 de
129 951 302 1015 Carneade.
345 951 544 1012 Edissertavi
564 950 626 1012 hoo
650 946 822 1036 ἀμφίλογον
839 949 880 1010 ad
893 953 941 1012 A·
958 953 1053 1015 Persii
1069 956 1101 1016 S.
1122 957 1159 1018 V.
1173 946 1176 961 ¹

61 1038 221 1099 bisaura.
267 1037 364 1097 Conf.
388 1036 473 1095 infra
494 1036 587 1119 (Ver.
609 1036 697 1097 Hist.
712 1045 743 1103 2.
765 1058 792 1098 o.
810 1038 884 1116 18.)
908 1036 1041 1109 Cursu.
1084 1040 1162 1125 Ipse
1264 1013 1301 1115 ,Ι

58 1123 227 1180 Lucienus
252 1120 355 1192 infra,
379 1140 472 1180 verae
492 1118 658 1181 Historiae
681 1121 738 1183 lib.
754 1129 784 1188 2.
800 1117 957 1202 ἠκούομεν
972 1121 1007 1185 di
1027 1123 1079 1188 aei
1092 1128 1161 1208 napi
1282 1176 1286 1186 ,

61 1210 246 1290 Χρυςίιτπου
261 1222 322 1266 etc.
366 1205 520 1264 Diximus
539 1204 685 1283 pluribus
702 1203 741 1264 ad
759 1207 925 1266 Latinium.
948 1207 1096 1270 Messe.

148 1289 227 1350 thid.
248 1289 300 1364 Ἐς
314 1286 347 1354 sd
362 1291 505 1372 ἔμπαλιν)
533 1289 572 1349 Ut
580 1313 677 1350 eorum
691 1294 821 1350 omnium
830 1289 1024 1359 obliviscerer.
1047 1288 1163 1353 Bnorr.¹

146 1374 224 1434 Eud.
243 1380 265 1437 l.
282 1384 332 1443 11.
346 1371 497 1455 Ἔμπαλιν
517 1368 540 1453 ἢ
560 1369 577 1440 ὁ
600 1377 679 1457 Χρ.)
703 1375 921 1456 Chrysippum
947 1376 1034 1437 enirn
1055 1375 1168 1438 belle-u

60 1460 143 1522 boro
161 1461 322 1520 cerebrum
336 1481 499 1544 purgasse,
521 1471 558 1518 ut
572 1458 611 1518 ad
628 1458 845 1520 meditandum
858 1460 965 1540 aptior
976 1475 1075 1537 esset,
1095 1474 1164 1522 mr·¹

60 1545 163 1604 moria
185 1544 349 1625 proditum
369 1561 428 1610 est.
481 1540 554 1607 Vid.
578 1544 716 1626 Menagis'
737 1559 803 1610 not.
828 1544 977 1627 ndDiog.
997 1545 1101 1610 Lair-t.
1125 1561 1161 1607 et

60 1632 204 1691 Nostrum
222 1631 256 1688 in
271 1629 339 1691 vit.
353 1630 449 1690 Auct.
466 1651 493 1693 c.
509 1636 560 1696 23.
577 1644 609 1689 et
623 1629 695 1692 Ver.
711 1629 797 1690 Hist.
811 1630 855 1694 ΙΙ.
871 1652 897 1693 ο.
917 1639 966 1698 18.
989 1632 1117 1696 Sonitu.

145 1713 225 1775 ibid.
241 1710 288 1777 Ἢ
299 1709 316 1778 ὁ
331 1713 532 1798 Χρύσιππος)
555 1712 622 1794 Qui
637 1713 787 1773 adversus
805 1714 999 1778 Carneadem
1009 1714 1160 1798 disputa.

58 1814 151 1860 turus
176 1799 340 1860 helleboro
364 1813 461 1882 caput
479 1818 629 1880 purgasse
648 1798 762 1860 fertur.
804 1800 920 1861 Parnm
933 1801 1055 1874 abfuit,
1076 1801 1166 1882 qnin'

57 1885 282 1965 praeterirem,
316 1883 412 1944 verba
440 1883 536 1958 haec,
571 1881 654 1960 ὕδωρ
679 1878 780 1971 ὖαὲργι
805 1879 943 1964 πλήττειν
967 1884 1001 1942 in
1030 1882 1158 1968 adagio,

57 1972 183 2051 Aquom
199 1972 231 2026 in
246 1971 388 2029 mortario
405 1967 540 2043 tundere,
563 1982 595 2028 et
616 1968 690 2043 illa,
715 1963 732 2030 ὅ
754 1965 883 2051 γνώμων
903 1971 994 2051 φασὶ,
1019 1967 1054 2028 in
1074 1991 1159 2053 pro·-

54 2056 169 2117 verbio
187 2050 322 2113 Gnomon
335 2053 488 2135 streguln,
512 2051 675 2133 explicari.
695 2053 804 2119 Baon.

143 2136 220 2200 Eat.
233 2142 254 2198 l.
274 2145 321 2205 13.
345 2134 575 2222 Παραφερόμ.)
604 2139 656 2196 Ex
676 2138 717 2199 L.
734 2136 813 2199 baec
836 2139 1011 2221 seriptura3
1035 2135 1155 2221 inquo
1175 2153 1179 2161 ’

53 2238 164 2284 tamen
182 2221 332 2284 mendose
353 2249 544 2308 παραφυρ-
563 2221 737 2305 legebatur.
781 2223 821 2284 In
836 2225 971 2305 reliquis
985 2247 1157 2305 περιφερῆ
1222 2277 1229 2285 ,

53 2308 259 2388 minusapte.
291 2307 365 2374 Vid.
381 2310 510 2371 Timon.
529 2330 556 2368 o.
571 2313 622 2376 25.
651 2308 780 2370 sorar.
822 2310 896 2370 Etsi
910 2311 1015 2392 primo
1029 2307 1156 2391 intuitu

54 2391 227 2452 admodum
243 2392 408 2455 blanditur
424 2401 589 2478 vulgatum
608 2391 786 2476 περιφερόμ.
809 2395 885 2477 quin
903 2399 1064 2476 agitatum,
1088 2397 1156 2454 eir*

55 2494 266 2538 eumer-mntem
281 2479 392 2562 signif,
409 2495 513 2542 tamen
533 2477 566 2537 id
586 2500 652 2538 non
668 2482 739 2538 vult
753 2479 892 2553 Noster,
915 2479 969 2541 sed
984 2480 1154 2559 obreptum,

55 2562 188 2622 delatum
204 2584 260 2637 eo,
286 2584 349 2642 quo
373 2578 541 2645 tempestas
563 2561 742 2644 fluctusque
764 2568 898 2640 volunt,
921 2564 942 2628 i.
959 2586 987 2625 e.
1003 2564 1156 2644 vulgarem
1214 2584 1217 2589 ’

54 2652 222 2727 opinionem
236 2647 391 2728 sequebar,
414 2672 474 2709 nors
485 2666 565 2709 utens
580 2646 671 2708 libero
685 2650 857 2725 ratiocinio,
882 2648 969 2730 quod
994 2649 1064 2730 ipse
1078 2668 1156 2710 mox

54 2752 115 2812 per
132 2733 296 2811 suddisset:
309 2742 353 2819 epi
363 2730 451 2796 ὕδατι
464 2735 579 2792 elarius
596 2731 741 2811 exponit.
784 2733 926 2817 Ideoque
938 2753 1005 2794 non
1022 2731 1156 2793 dubita-

55 2817 93 2877 vi
108 2816 203 2874 trium
223 2814 326 2876 Codd.
341 2818 514 2877 lectionem
528 2816 678 2895 recipere.
701 2816 825 2877 Rnrnz.

142 2899 323 2968 Ead.1.15.
350 2899 471 2977 Θεὸςέιι
492 2896 645 2982 μηχανῆς)
673 2900 783 2963 Miror
803 2899 990 2976 Brodoeum,
1022 2897 1154 2982 quibis
1256 2898 1259 2905 ¹

54 3005 145 3045 more
160 2986 257 3044 solito
279 3008 344 3046 non
360 2985 496 3060 dixerit,
521 2984 584 3050 vid.
601 2984 719 3046 Erosm.
736 2985 771 3067 in
789 2985 936 3068 proverb.
959 2986 1083 3049 Rnrrz.

142 3070 217 3152 Peg.
235 3076 344 3137 119.1.
363 3080 390 3139 1.
417 3069 549 3155 Ξυρήσ.)
571 3069 646 3135 vid.
673 3090 761 3151 supr.
778 3071 817 3135 de
837 3073 939 3136 Mero.
960 3069 1057 3130 cond.
1077 3090 1105 3132 α.
1123 3077 1153 3136 1.

56 3156 186 3217 Sosin.
235 3156 270 3214 ln
284 3177 322 3215 eo
336 3155 463 3240 quidem
478 3162 551 3217 loeo
569 3158 700 3239 ναυαγία
710 3156 830 3239 legitur
845 3155 885 3218 de
899 3157 1074 3242 naufragio,
1096 3175 1154 3215 se-

54 3239 196 3300 cundum
213 3241 344 3301 Thomas
358 3241 405 3302 M.
426 3256 640 3323 praeceptum.
684 3239 754 3301 Neo
774 3245 870 3304 semel
881 3240 958 3302 alibi
976 3239 1062 3321 apud
1074 3239 1153 3300 Νο-

53 3344 165 3389 strum.
210 3327 324 3409 Neque
343 3342 445 3387 tamen
463 3326 525 3386 hoo
539 3326 618 3386 satis
632 3339 701 3387 erat
715 3346 860 3405 caussas,
884 3347 940 3387 cur
951 3324 1088 3385 Reitzirrs
1099 3326 1153 3386 vel

54 3413 155 3472 tacite
171 3411 342 3472 lectionem
358 3409 454 3492 hujus
475 3411 541 3473 looi
562 3424 700 3472 voterem
722 3425 756 3471 et
776 3431 975 3472 communem
996 3410 1152 3492 ναυαγίαν

55 3499 92 3556 in
105 3504 259 3579 ναυαγιοῖν
273 3509 428 3570 mutaret,
451 3495 708 3597 recentioresque
720 3494 870 3557 Editores
883 3493 969 3553 huno
982 3513 1153 3636 repaesen-

53 3599 117 3643 tur.
162 3583 243 3642 Nam
262 3583 357 3641 etiam
373 3577 520 3664 ναυάγιον
534 3595 567 3642 et
580 3605 729 3664 ναυαγια,
752 3594 790 3639 ut
804 3579 936 3640 omnino
951 3598 1012 3658 apu
1052 3576 1152 3637 serio·

53 3689 105 3728 res
119 3667 306 3747 scriptores,
330 3667 375 3724 ita
398 3667 493 3725 etiarn
513 3664 598 3746 apud
614 3664 702 3724 huno
725 3678 887 3738 nostrum,
911 3675 1084 3723 ooeurrrsnt
1109 3658 1167 3722 ds·

52 3753 223 3834 nartfrogiis
244 3765 406 3833 usurpata.
451 3751 575 3831 Catapl.
598 3772 624 3810 ο.
642 3756 672 3816 6.
691 3742 1050 3830 oiriardrnivvotoeytow.
1092 3745 1151 3808 Bis

55 3843 172 3897 Aecus.
190 3857 257 3915 cap.
275 3844 328 3901 21.
350 3832 445 3920 ὥςπερ
465 3838 497 3900 ἐκ
509 3837 657 3917 ναυαγίου
675 3835 771 3914 λιμένι
790 3835 985 3915 προςνίοντα.
1028 3829 1148 3914 Navig.
1202 3893 1205 3900 ,

53 3943 83 3982 e.
101 3927 150 3985 14.
172 3918 207 3994 ὃς
221 3926 396 3999 τηλικοῦτον
418 3917 566 4004 ναυάγιον
586 3922 751 4004 εἴργασμαι.
794 3918 869 3980 Vid.
887 3917 1021 3978 omnino
1038 3914 1077 3976 de
1090 3912 1167 3976 ho·-

51 4029 121 4065 rum
138 4005 279 4085 ipsorum
294 4019 327 4064 et
341 4004 380 4066 de
397 4002 583 4087 hujusmodi
598 4006 734 4063 aliorum
751 4002 977 4066 vocabulorum
989 4013 1151 4082 permuta·

54 4090 198 4150 tionibus
212 4086 340 4150 Lobeck.
356 4089 396 4150 sd
410 4089 566 4175 Ptrpniei.
583 4111 614 4171 p·
630 4093 702 4158 517.
719 4110 767 4174 sq.
795 4089 815 4154 J
818 4108 873 4151 urs
888 4087 999 4173 itaque
1023 4085 1148 4168 optimo
1162 4114 1169 4139 τ
