2634 4680
148 272 227 359 aot
419 294 993 345 anuorsrrouns

152 443 188 511 in
205 439 441 505 commentariis
457 438 498 501 de
514 438 599 503 bello
618 441 746 503 Gallico
760 455 794 504 et
807 440 900 502 cirili
913 458 1050 505 secutor
1067 464 1164 519 erae,
1184 460 1260 511 vete·

149 549 201 591 res
215 528 369 589 referunt.
414 532 591 607 Προκονεῑν
604 540 654 587 est
669 528 832 609 eleganter
848 526 883 585 in
903 528 1050 609 alicujus
1064 530 1209 613 gratiam
1219 536 1260 593 la-

150 610 281 685 borare,
305 630 433 691 operarn
449 610 548 671 alicui
567 608 614 671 rei
633 632 750 671 narare
766 610 897 671 alterins
913 612 1117 694 commotio,
1140 614 1260 677 Jerrorrl

148 720 223 759 ocor
234 694 372 755 crhriderr
379 740 390 771 ,
412 708 450 755 nt
464 694 578 757 eodem
598 692 692 759 morlo
705 698 884 779 loquuntur
897 694 1059 757 Germani
1075 712 1114 761 et
1129 698 1258 785 Belgae:

150 800 233 863 quae
256 780 350 841 notio
373 778 470 861 hujus
493 780 584 840 vocis
605 779 839 839 elericorum
861 780 1086 861 scriptoribus
1105 804 1181 846 non
1203 787 1259 847 fuit

151 864 329 929 observata.
361 864 476 925 Paullo
489 878 564 946 post
577 863 746 945 Tragicam
763 864 1011 943 inscriptionem
1027 866 1199 931 librorum
1212 890 1258 931 ro.

151 960 203 1009 cat
211 998 221 1026 ,
242 952 370 1028 plenam
383 950 541 1027 tumoris,
563 962 597 1009 et
612 948 732 1025 fastus,
755 969 826 1008 cum
844 949 917 1029 qnia
932 950 1117 1032 magnifica
1132 954 1257 1016 nomina

149 1032 215 1097 tibi
228 1048 261 1095 et
272 1032 357 1093 libro
379 1031 531 1141 imponit.
578 1038 677 1097 Τοῦτο
702 1030 798 1114 μόνον
811 1026 984 1137 ηἰτιαοᾶριην
997 1028 1126 1117 αῦτοῦ,
1152 1034 1201 1105 ὅτι
1214 1036 1257 1105 oi·

149 1143 209 1194 τας
224 1118 375 1201 ἐπέγραψα
395 1144 433 1183 τα
446 1122 547 1201 βιβλία
565 1114 802 1202 τραγικώτερον,
823 1112 936 1199 ἦκατα
952 1114 1012 1201 τὴν
1032 1127 1099 1188 τοῦν
1112 1142 1256 1211 ααγγρογ.

149 1200 256 1285 μάτων
276 1202 387 1287 τύχην,
412 1202 630 1287 Καῌηιόρφου
650 1204 758 1283 ἰατροῦ
775 1210 830 1283 τῆς
849 1207 911 1267 coir
935 1201 1168 1291 Κοντοφὸρων
1182 1211 1256 1291 ἕκτης

149 1291 293 1372 ἰατοριιῦν
317 1294 499 1369 Παρθικῶν.
548 1287 716 1371 Tragicsm
745 1286 991 1369 inscriptionem
1022 1307 1151 1372 vocat,
1201 1294 1256 1357 noi

149 1394 211 1435 ano
226 1372 351 1447 nomini
368 1370 587 1455 Kampiprpov
603 1369 757 1453 adjecerit
772 1374 878 1453 ἰατροῦ
894 1380 949 1453 τῆς
964 1380 1029 1439 τοῖν
1045 1382 1255 1465 Κοντοφοραι

147 1458 253 1537 ἕκτης,
277 1456 353 1541 quia
372 1456 437 1518 hoo
459 1474 493 1521 et
511 1478 530 1520 a
549 1471 693 1519 veterum
708 1456 944 1531 consuetudine
964 1474 1017 1521 est
1040 1462 1211 1541 alienum,
1229 1478 1256 1525 et

151 1542 269 1604 iactum
286 1563 362 1619 prae
376 1564 410 1603 se
427 1544 491 1605 fert
504 1540 663 1623 quendam
678 1542 852 1622 tragicum,
876 1540 940 1603 hoc
955 1558 1026 1621 eat,
1052 1550 1169 1629 qualia
1181 1548 1256 1633 regi·

152 1626 212 1685 bos
224 1626 259 1685 in
272 1625 462 1710 Tragoediie
481 1626 645 1687 tribuitur.
673 1626 757 1686 Inde
771 1626 852 1686 illud
868 1625 1032 1707 Satyrici:
1060 1628 1192 1701 Grande
1203 1635 1256 1697 So-

147 1710 272 1795 phocleo
287 1710 450 1775 bacchatur
465 1736 584 1775 carmen
594 1710 690 1784 Ιιίαια.
723 1710 777 1770 Sic
790 1710 928 1781 inferius
941 1734 969 1771 c.
982 1722 1040 1783 28.
1057 1720 1129 1783 Καὶ
1138 1716 1203 1802 μὴν
1214 1719 1257 1786 ai

150 1794 262 1872 ἄλλους
281 1799 361 1873 ἴδοις
383 1792 423 1865 ir
443 1795 481 1863 cci
504 1798 557 1877 μὲν
580 1798 726 1877 προοίμια
742 1792 880 1877 inparti,
908 1797 959 1859 wi
976 1798 1135 1885 coercui,
1164 1804 1256 1877 ariis

150 1876 325 1963 ὖττερβολτὶν
345 1880 447 1964 μακροὶ
470 1879 664 1966 γράφοντας,
689 1896 724 1941 ατ
739 1902 807 1943 vero
829 1880 907 1941 olioe
923 1884 1015 1945 etiam
1039 1892 1194 1969 reperior,
1214 1890 1256 1973 μ’

148 1968 303 2053 prooemia
328 1964 503 2050 splendida,
535 1970 671 2049 tragica,
705 1981 733 2027 ct
755 1989 934 2047 summopere
958 1968 1098 2055 prolixa
1119 1974 1255 2036 scribone.

153 2049 242 2133 Quid
257 2053 286 2112 si
299 2053 467 2127 Lucienus
485 2052 623 2113 vixisset
632 2063 758 2112 'nostro
778 2064 939 2131 tempore,
961 2064 997 2113 et
1010 2052 1159 2119 vidisset
1170 2072 1204 2119 et
1215 2058 1256 2117 in·

152 2134 345 2215 scriptiones
354 2137 515 2213 ‚librorum
523 2148 750 2218 portentosas,
773 2134 858 2205 nihil
874 2156 940 2195 non
955 2136 1145 2219 grandibus
1161 2138 1256 2205 verbis

152 2218 389 2301 promittentes,
411 2233 445 2292 et
458 2236 624 2291 auctorum
639 2240 687 2279 nra
713 2216 809 2279 nifica
823 2218 970 2297 nomina,
996 2242 1071 2284 non
1085 2246 1159 2287 uno
1172 2246 1257 2300 ¹veter

155 2317 324 2381 contenta,
348 2319 396 2368 ut.
407 2303 503 2365 miser
516 2240 754 2384 callimorpiur
768 2325 844 2384 prae
863 2303 916 2364 his
928 2305 973 2364 ait
986 2306 1255 2387 modestissimus,

155 2401 312 2469 quantum
325 2388 502 2473 nigrisalia
515 2389 565 2457 illi
581 2387 697 2449 fuisset
707 2388 921 2469 perdendum,
944 2388 984 2449 ad
997 2388 1089 2453 hane
1105 2394 1257 2457 insanire

153 2468 412 2535 emendandam?
453 2474 535 2536 Cum
552 2472 635 2534 dicit
650 2470 852 2557 κοντοφόρων
866 2480 922 2552 τῆς
936 2476 1041 2557 ἕκτης,
1065 2478 1256 2543 subanditur

152 2552 282 2636 τάξιας,
307 2559 471 2621 centuriae
484 2573 593 2620 sextae
607 2557 805 2619 hastatorum
819 2557 970 2624 medicus.
1020 2558 1182 2639 Τάξιςωι
1192 2584 1257 2628 m.

153 2639 257 2719 turia,
280 2656 318 2704 ut
339 2642 414 2705 ordo
437 2642 525 2727 apud
545 2642 693 2707 Latinos.
736 2643 824 2703 Hinc
840 2642 953 2706 ordinis
974 2643 1090 2707 ιῖαατοτ
1104 2650 1255 2711 centorio.

154 2724 265 2791 lustin.
290 2726 417 2791 Ordines
436 2755 537 2807 nemo,
566 2731 626 2789 nisi
642 2732 869 2809 sexagenarius,
893 2726 995 2794 duxit.
1038 2733 1146 2795 Duae
1169 2730 1258 2811 τᾶξτισ

156 2826 247 2870 erant
260 2810 430 2898 σύνταγμα,
454 2814 517 2876 hoc
534 2828 597 2890 est,
621 2812 821 2894 manipulus:
842 2810 925 2890 τάξις
938 2834 1005 2875 non
1027 2820 1206 2901 estlegio,
1226 2828 1258 2877 ot

155 2894 297 2971 Latinus
314 2899 402 2980 cepit
418 2902 585 2980 interpres.
609 2899 743 2960 Gusnr.
786 2896 869 2959 Junt.
894 2902 1076 2981 Xopier-cc,
1123 2902 1194 2965 uod
1209 2922 1258 2963 so·

155 2982 202 3045 let
217 3001 331 3064 saepe,
353 2998 391 3044 ut
402 2989 510 3067 paullo
525 3004 619 3065 supra
636 2984 812 3065 ἐντρέψας,
835 2996 868 3045 et
880 2982 982 3061 infra,
1006 2979 1102 3055 cisto
1121 3020 1144 3036 -
1157 2984 1190 3055 δ’
1206 3004 1257 3069 pro

156 3058 240 3139 οἶδα,
264 3066 341 3129 irem
356 3064 429 3133 ‹ri-a
442 3090 501 3150 pro
515 3063 574 3133 οἷα.
619 3066 690 3127 Νοο
706 3081 811 3129 tamen
828 3082 876 3129 est
890 3068 1055 3151 suspicio.
1079 3090 1155 3133 earn
1166 3071 1257 3134 τοῦτο

156 3168 257 3216 unum
277 3152 470 3215 vocabulum
495 3150 530 3211 in
554 3150 619 3213 duo
648 3149 827 3232 dispencero
846 3152 996 3215 voluisse.
1041 3156 1101 3217 De
1122 3153 1258 3242 aigniic.

156 3252 229 3299 voc.
251 3240 381 3318 χαρίεις,
402 3260 463 3319 pro
484 3236 615 3313 erudito,
640 3237 753 3297 confer
776 3236 861 3298 inira
886 3238 989 3299 Mort.
1012 3240 1151 3325 Ροταγτ.Ι
1170 3262 1199 3304 ο.
1212 3243 1258 3311 89.

156 3320 201 3381 Εἰ
211 3319 265 3399 μὲν
280 3311 336 3386 οὖν
357 3324 453 3404 ἴδοιμί
465 3347 533 3387 τινα
551 3322 704 3404 χαριέντα·
728 3320 786 3381 ubi
801 3321 913 3384 eodem
936 3321 1150 3408 significatu,
1172 3346 1259 3411 quern

159 3398 261 3464 Graec.
281 3406 334 3465 hic
347 3406 498 3468 ostendit.
521 3408 644 3465 Rrrrz.
691 3404 784 3489 Quae
801 3404 841 3467 de
860 3428 938 3469 voce
952 3404 1181 3493 τραγικώτερον
1194 3429 1260 3493 pro·

157 3488 269 3569 posuit
287 3488 446 3569 Graevius,
470 3514 506 3553 ea
522 3490 687 3573 Rudolplro
696 3495 875 3574 μικρολογία
890 3514 958 3555 cese
971 3491 1142 3562 videntur.
1187 3494 1261 3560 Vult

156 3572 268 3651 potius
289 3574 484 3656 reprehendi
504 3579 602 3637 istum
627 3577 669 3637 ob
690 3576 895 3658 magnificum
912 3572 1030 3658 ρήαεοις
1043 3598 1186 3659 tonum,
1207 3576 1260 3663 qni

156 3653 196 3719 sd
219 3658 374 3742 tragicum
397 3683 457 3745 pro
483 3684 500 3723 e
527 3660 667 3724 accedat.
723 3662 814 3723 Haec
835 3662 920 3725 ratio
944 3660 1025 3743 quid
1048 3684 1070 3725 a
1093 3661 1260 3729 Graeciam

156 3736 304 3821 differat,
326 3767 394 3806 non
419 3684 526 3810 viieo.
570 3746 640 3805 Aut
659 3744 827 3820 eidiffert,
849 3746 906 3807 illa
923 3746 1121 3812 melinerem
1142 3746 1258 3847 tetipit.

157 3816 248 3905 Quid
263 3825 307 3892 sit
324 3833 443 3911 tragico
464 3829 594 3893 dicendi
615 3832 717 3907 ratio,
742 3829 846 3891 discas
865 3852 883 3897 e
898 3830 1165 3913 Necyomantia
1178 3850 1261 3916 pru.-

158 3908 266 3989 cipio,
288 3911 348 3975 ubi
370 3915 533 3996 Menippo
552 3915 641 3976 vatia
661 3914 824 3997 Euripidec
839 3936 910 3977 cnm
931 3914 1105 4000 magnifica
1120 3914 1260 3999 ,quadum

157 3994 315 4073 gravitate
330 3998 414 4075 (mit
431 3998 622 4063 vornehnter
637 4000 793 4075 Steifheit
807 3999 874 4060 und
888 4000 1200 4083 Abgemeatenheit)
1212 3996 1261 4059 ds·

156 4078 308 4146 clamanti
322 4080 450 4149 tandem
463 4082 652 4159 Pirilonidot
663 4089 834 4159 &clamata
858 4092 1000 4168 Παῦσαι,
1019 4081 1264 4184 Νήριτρτρίγτ
1290 4166 1291 4170 ¹

992 4384 996 4390 ,
1078 4367 1101 4408 :3
1113 4337 1177 4390 'osuit
1184 4363 1204 4390 ³2.
1218 4345 1258 4384 τιν’
1270 4377 1275 4386 .

910 4419 915 4426 -
987 4393 992 4405 ’
1066 4393 1079 4434 4
1232 4402 1281 4433 r
