2634 4680
180 276 258 347 402
451 280 1019 333 eurorarrortus

182 436 315 525 quidem
329 414 478 493 neutrum
494 429 634 488 otiosum
650 425 796 509 videtur,
823 442 856 491 et
872 428 959 511 quod
974 426 1023 489 bie
1036 429 1126 491 forte
1141 430 1289 513 potitum

182 525 354 593 ριεέκεῖσε,
377 528 548 595 utrumque
572 533 629 571 rua
653 510 795 591 ratione,
825 532 983 597 tuumque
1004 512 1041 575 iu
1066 512 1196 595 finem,
1229 536 1290 579 uon

182 607 284 690 mugit
309 603 403 662 ineo
428 595 579 675 offendo,
599 618 695 679 quam
721 596 755 656 iu
779 595 904 679 duplici
924 594 967 682 μὴ
988 597 1024 657 in
1046 596 1183 677 verbio,
1217 620 1291 687 quae

182 690 553 769 modopreecesrernntr
587 684 615 747 tl
638 680 672 745 dl
693 678 735 764 μὴ
752 681 903 757 defloret,
933 678 1017 764 riuti
1037 676 1215 765 δύναιντο,
1247 688 1290 747 vtl

183 774 311 856 saepius
326 768 463 849 repetito
478 761 535 850 γὰρ
551 764 585 823 iu
603 764 663 842 iis,
686 784 768 847 quae
784 764 936 849 deinceps
952 781 1156 849 sequuntur:
1184 762 1230 835 ori
1241 766 1290 857 γὲγ

183 861 254 936 δέος
268 870 328 918 etc.
351 851 412 936 ἤδη
431 846 572 935 prienen
586 864 648 912 etc.
670 844 844 936 ἡγήσεσθαι
859 847 917 937 γὰρ
931 846 1023 927 αὑτός
1034 864 1097 913 etc.
1119 844 1254 917 Iiurrrr.

270 972 348 1037 ibid.
372 973 415 1035 Εἰ
433 963 543 1034 τούτου
560 968 767 1049 ἐπειλημμένοι
776 965 992 1049 κατερύκοιεν,
1015 964 1196 1052 ἐσσύμενον
1218 972 1291 1039 ἐκεῖ·

185 1060 240 1147 ot)
263 1061 316 1122 sie
329 1053 510 1118 Benedictus
523 1068 555 1114 et
568 1050 789 1117 Bour'cielotiue.
832 1054 1029 1118 Bueileenret
1046 1057 1073 1119 ci
1086 1054 1211 1123 τούτου
1224 1082 1290 1123 και·

185 1146 373 1229 ειλημμὲνοι,
409 1136 602 1221 κατερύκοιεν
621 1135 787 1219 ἐσσύμενον
812 1138 919 1204 ἐκεῖσε.
962 1140 1057 1199 Pater
1075 1154 1180 1201 notat
1208 1163 1290 1203 eum-

184 1246 254 1293 tum
270 1222 447 1291 ex'Odvoo·
462 1219 479 1288 ό
488 1272 497 1297 ,
520 1219 684 1302 ἐσσύμενον
697 1216 871 1304 κατερύκει,
900 1235 933 1283 et
951 1222 1101 1306 Opropoer‘
1116 1226 1236 1287 verrio
1251 1238 1290 1289 ett

185 1318 287 1379 fatue.
310 1312 420 1373 Gnou.
464 1305 556 1368 Hom.
571 1306 610 1365 tt.
627 1314 667 1383 Z,
682 1311 755 1377 518.
775 1312 824 1385 ll,
837 1313 868 1375 9.
881 1304 1001 1389 Odyee.
1020 1312 1054 1371 0.
1076 1306 1289 1371 Homericum

185 1422 275 1479 erse,
297 1410 383 1458 recte
398 1389 525 1451 monuit
542 1390 642 1452 Voret.
659 1411 720 1452 noe
736 1396 863 1470 locum,
892 1392 951 1476 qui
974 1390 1006 1454 ei
1033 1390 1117 1453 haec
1137 1391 1289 1457 rcribenti

185 1505 254 1547 uon
270 1474 491 1548 succurrebat,
515 1472 707 1536 addidimus.
729 1477 857 1539 soem.
1188 1522 1196 1537 .

270 1563 349 1628 Eat.
362 1566 385 1623 l.
400 1567 431 1627 4.
450 1554 647 1645 Ἀαοκλείσγγ)
669 1574 707 1620 ut
722 1561 756 1620 in
770 1560 860 1624 Dinl.
875 1562 994 1624 Meret.
1022 1560 1166 1629 Bonum.

270 1647 351 1713 tttst.
376 1646 436 1709 Καὶ
449 1640 585 1729 γυμνὸν)
608 1645 669 1708 Καὶ
684 1642 773 1707 decet
784 1643 893 1711 iuMs.
911 1659 944 1708 et
952 1646 1047 1731 Aegl.
1057 1644 1290 1711 eoeneum.

164 1762 195 1817 ,’
271 1749 388 1815 Εαιῌ.
404 1754 434 1817 8
468 1743 642 1831 Φραιρίας)
673 1742 786 1807 Curiae.
824 1749 968 1830 ’Φρατρία
989 1747 1023 1811 di
1043 1747 1108 1812 ton
1131 1744 1169 1815 td
1194 1754 1291 1835 eoiret
1316 1803 1317 1818 .

178 1841 278 1928 ,μέρος
289 1845 343 1917 τῆς
358 1838 467 1915 φυλῆς.
490 1833 618 1893 Vonsr.
659 1830 808 1916 Plerique
828 1832 904 1892 libri
919 1845 952 1893 et
964 1831 1034 1913 ipre
1047 1832 1102 1893 M.
1116 1836 1227 1915 pra've
1242 1834 1291 1897 hit

187 1914 803 2083 irretiretre2¹3¹
816 1914 1193 2064 {rtatirtltsszt
1209 1932 1289 2071 ἐκ

187 2094 244 2157 ttbi
260 2094 375 2153 iterum
391 2100 526 2170 peccaut
541 2086 616 2145 libri
629 2084 784 2166 plerique.
812 2084 939 2148 socer.

194 2192 197 2199 ·
273 2174 353 2238 tat.
366 2179 386 2237 l.
406 2179 455 2239 11.
479 2166 565 2250 Πρός
577 2178 642 2245 ταῖς
654 2165 783 2255 πύλαις)
806 2168 905 2232 Conf.
921 2190 989 2252 cap.
1001 2176 1031 2237 1.
1045 2166 1131 2238 med.
1145 2168 1191 2235 de
1206 2174 1289 2239 Met·

188 2260 258 2328 ced.
278 2256 372 2321 cond.
389 2255 450 2319 bie.
473 2255 601 2317 Sorae.

273 2342 352 2407 Eat.
364 2345 387 2401 1.
406 2349 455 2409 18.
472 2334 536 2413 Ὣς
553 2337 640 2423 εέγε)
668 2340 723 2400 Ex
737 2338 808 2402 cod.
824 2341 879 2407 W.
894 2360 953 2421 pro
970 2341 1028 2425 elye
1043 2336 1197 2425 vulguto.
1230 2344 1289 2417 Su·¹

189 2452 269 2497 utrt.
313 2429 358 2493 Et
373 2450 407 2510 γε
426 2422 592 2506 μέμνημαι)
615 2427 688 2509 Εἴγε
705 2423 857 2503 quaedem
878 2422 963 2484 Edd.
986 2426 1216 2505 conjunctim
1240 2418 1289 2491 r'td

186 2517 253 2580 hoo
274 2510 384 2574 eodem
405 2507 499 2571 redit.
539 2502 600 2584 Ὦς
618 2512 679 2592 εἴγε
699 2508 780 2574 Flor.
796 2508 858 2574 Ed.
882 2508 1017 2583 heberet
1040 2522 1129 2572 recte
1146 2526 1290 2577 notave-

187 2615 239 2663 rat
261 2596 408 2676 Solonnc,·
430 2592 486 2654 red
507 2613 574 2653 nou
597 2595 673 2654 eatis
696 2594 849 2657 diatincte
868 2607 1052 2670 notaverat,
1098 2593 1160 2657 uid
1186 2596 1226 2659 iu
1237 2598 1288 2661 W.

187 2690 364 2771 legereturr
388 2701 496 2739 verum
521 2674 590 2762 eiiye
608 2699 704 2761 cupra
726 2682 784 2764 εἴγε
806 2684 1031 2741 collocaverat.
1072 2614 1114 2739 in
1139 2696 1225 2743 notu
1239 2696 1289 2744 te·

189 2791 263 2833 men
282 2786 354 2829 ecce
377 2763 534 2842 declarat,
556 2761 635 2846 quid
658 2763 815 2825 voluerit:
846 2763 900 2825 red
922 2763 950 2822 ei
972 2765 1034 2845 jam
1059 2762 1094 2823 iu
1116 2762 1185 2827 icto
1210 2764 1289 2831 Cod.

188 2853 257 2939 εὖγε
275 2850 410 2935 legitur,
433 2868 499 2908 non
523 2861 629 2909 tamen
652 2848 742 2909 illico
762 2848 810 2911 tic
830 2847 972 2922 ederem,
1004 2844 1059 2908 ced
1081 2834 1154 2933 εὖγε
1177 2854 1287 2915 ιιΙεεαι

188 2937 376 3007 rcriberem3
400 2947 533 3015 tumque
549 2933 636 2991 illam
655 2933 826 2994 lectionem
845 2954 904 3016 ego
918 2952 994 2991 tane
1009 2952 1075 2991 nou
1089 2953 1287 3013 spernerem,

187 3018 315 3087 cum'ex
331 3038 416 3101 teqq.
437 3030 555 3099 pateat,
579 3016 748 3078 Lucienum
763 3037 828 3076 non
844 3016 1027 3077 dubitanter
1039 3018 1155 3097 loqui,
1180 3016 1287 3105 (quod

188 3130 246 3193 per
261 3107 321 3189 εἴγε
345 3118 450 3165 temen
467 3100 576 3178 lieret)
598 3100 655 3161 ted
669 3122 721 3175 ea,
747 3120 828 3183 quae
844 3100 942 3181 probe
956 3098 1157 3183 meminerit,
1182 3122 1287 3165 uene·

177 3180 232 3255 ¹re.
255 3192 379 3251 llnrrz.
417 3183 668 3245 Dubitationem
683 3183 767 3245 hanc
782 3206 850 3245 esse
866 3183 988 3246 ironiae
998 3182 1127 3246 Atticae
1140 3186 1286 3249 tribuen-

188 3274 271 3351 dam,
281 3296 299 3333 a
315 3292 377 3354 qua
387 3291 453 3329 non
471 3269 593 3329 alienus
603 3269 669 3329 fuit
681 3269 819 3349 scriptor
830 3284 947 3337 noster.
958 3267 1085 3344 sentiet,
1095 3268 1225 3350 quicuu
1250 3290 1286 3333 ut

189 3381 257 3421 nou
272 3360 341 3419 eine
356 3353 479 3437 judicio
495 3353 665 3414 bricionem
681 3354 875 3415 tractaverit.
913 3353 1044 3434 Optime
1063 3352 1175 3437 itaque
1191 3354 1236 3417 h'e

185 3436 219 3513 ἐἴ
231 3470 273 3530 γε,
315 3440 438 3501 Mirum
454 3451 569 3515 tamen,
592 3436 678 3499 unde
694 3432 736 3512 οἷς
751 3438 785 3496 in
798 3437 999 3499 florentinum
1012 3434 1074 3499 Ed.
1090 3451 1122 3497 et
1130 3436 1218 3506 Cod.
1231 3440 1282 3505 W.

186 3527 324 3592 venerit.
367 3523 441 3584 Nisi
456 3522 541 3582 forte
556 3523 691 3602 repetita
706 3521 784 3582 hoec
797 3538 845 3591 ert
861 3522 973 3581 ultima
990 3518 1217 3603 praecedenti·
1233 3542 1281 3586 vo·

188 3612 234 3675 eie
250 3608 366 3683 πόλεως
381 3606 511 3688 syllaba.
555 3606 594 3665 In
610 3627 697 3689 seqq.
717 3604 757 3666 ed
771 3605 982 3683 Anachareio,
1005 3604 1207 3685 Epictetum,
1223 3608 1280 3669 Au·

186 3696 369 3769 methonem,
393 3692 538 3767 Cretera,
562 3711 591 3752 e.
607 3710 635 3752 a.
653 3695 721 3772 ejus
737 3692 862 3775 genecio
875 3688 1090 3774 philosopho·
1107 3690 1218 3753 alludi
1228 3710 1280 3755 uo·

185 3773 488 3851 tttWielondr‘ueatl
504 3774 575 3837 h.1.
607 3776 725 3838 Lana.

272 3900 350 3981 Peg.
365 3899 417 3966 85.
439 3898 461 3957 l.
478 3902 529 3963 10.
557 3896 617 3960 Καὶ
629 3890 663 3960 cti
679 3889 841 3977 dlmoplc)
861 3889 1038 3979 Αὖχμηρόν.
1071 3892 1160 3957 Sutt.
1183 3892 1280 3981 Guytt·

185 3982 249 4047 Sed
265 3984 351 4068 quin·
361 3982 455 4042 aliam
469 3982 532 4061 jam
554 3978 728 4043 lectionem
746 3979 915 4060 habemur,
936 3980 998 4043 heo
1011 3979 1278 4062 interpretatione

183 4067 366 4151 nihiloput
384 4077 442 4128 eat.
475 4064 599 4133 Rure.
