2634 4680
78 272 155 347 708
344 288 914 338 annorsrrouus

81 440 170 519 Πίος.
187 434 291 496 Lniit.
310 455 342 515 p·
358 443 430 501 272.
447 436 484 499 A.
505 440 547 511 εἰς
568 432 689 517 ἡλικίαν
711 438 811 499 ἐλθεῖν
832 431 951 495 dicitur
975 430 1089 517 virgo,
1117 452 1192 495 curu

83 520 207 583 nubilis
223 533 280 584 est.
304 520 433 581 somn.

168 600 245 667 Eud.
259 607 281 662 l·
299 611 349 671 12·
372 598 485 679 Εόθός
505 601 672 688 ἀγνοῆσαι)
696 604 772 665 Nou
788 603 868 663 satis
881 603 1005 685 liquet,
1027 600 1192 662 voluerit-

85 712 127 753 ne
151 708 248 768 marg·
270 688 315 749 A.
333 696 361 756 1.
390 689 438 751 W.
463 704 574 750 notare
597 688 730 750 Codicis
755 688 893 770 alicujus
912 686 1110 759 lectionem,
1135 684 1191 766 qui

85 775 138 835 bis
153 766 321 839 αἷποθωνεῑν
339 772 471 849 habeat,
497 774 613 833 omisso
636 769 799 856 ἀγνοῆσαι,
825 778 836 847 (
846 769 932 854 quod
950 784 1056 833 tomen
1071 768 1121 827 ita
1137 769 1192 828 vi-

88 857 199 931 detur,
225 856 301 938 quia
318 857 365 919 sio
388 873 420 919 et
438 857 515 916 alibi
533 862 615 919 solet
632 860 750 918 similia
776 860 907 931 notare)
924 876 963 915 su
979 872 1058 919 vero
1072 846 1193 937 αἰγννῆ-

87 963 139 1009 σαι
158 933 343 1018 ἀποθανεῖν,
367 962 431 1023 quo
454 940 561 1002 Solani
577 947 777 1024 conjectura,
803 941 860 1023 qui
876 940 959 1001 hano
981 936 1192 998 collationem

86 1046 153 1087 non
180 1023 281 1103 vidit,
309 1026 392 1087 belle
415 1024 629 1106 adjuvaretur.
658 1028 782 1087 Rasna.
835 1020 1007 1109 Quidquid
1027 1020 1092 1099 sit,
1126 1042 1192 1081 non

87 1109 192 1171 aliena
214 1124 263 1170 est
284 1110 363 1172 haec
376 1108 546 1170 admodum
572 1109 707 1193 figurata
731 1109 890 1171 orationis
914 1109 1017 1167 forma
1033 1104 1073 1165 ab
1093 1104 1191 1187 hujus

88 1194 350 1275 declamationis,
373 1210 405 1255 et
424 1195 488 1254 loci
511 1216 640 1277 quoque
656 1194 753 1279 hujus
766 1194 890 1279 ipsius,
913 1188 1035 1253 indole.
1082 1190 1193 1275 Quart

83 1276 175 1343 nihil
193 1278 381 1339 mutandum
396 1299 520 1340 censeo.
548 1280 666 1340 Larrnu.

172 1361 253 1425 thid.
280 1360 320 1428 Tri
341 1360 373 1432 d'
389 1358 506 1441 εόθός)
529 1364 676 1423 Turbant
695 1363 750 1424 hic
769 1360 918 1424 Codices.
961 1358 1003 1421 In
1025 1358 1113 1439 Flor.
1135 1356 1192 1421 de-

453 1456 570 1515 θανεῖν.
614 1453 686 1532 Ego
701 1444 778 1515 τόδ’
795 1439 893 1521 νόθός
908 1436 1193 1533 ἇγνοόσνντωᾶπο-

88 1538 199 1597 θανεῖν
221 1532 391 1617 legendum
412 1554 535 1598 censeo.
580 1532 645 1597 Sed
666 1534 814 1611 interim,
838 1529 913 1591 dum
938 1527 1073 1595 accedat
1087 1527 1194 1591 Codi-

90 1638 163 1679 uum
177 1618 367 1695 auctoritas,
390 1623 554 1703 vulgatum
572 1618 706 1681 retineo.
730 1618 861 1682 Sonare.

175 1698 255 1765 Εαᾶ.
277 1705 299 1765 l·
321 1710 370 1770 14.
395 1696 443 1769 Ὦ
464 1694 573 1789 οότρς)
608 1704 770 1785 Frequens
792 1696 1009 1781 compellandi
1033 1698 1194 1779 formula,

91 1806 159 1846 non
185 1800 289 1848 tamen
313 1786 409 1847 nimis
434 1787 633 1865 honorifica,
662 1787 719 1847 sed
741 1791 928 1867 plerumque
944 1781 1068 1870 aliquid
1083 1804 1195 1867 repre·

92 1869 262 1937 hensionis
275 1870 411 1949 habens,
435 1888 472 1933 ut
487 1874 599 1955 Aesop.
613 1873 648 1932 in
664 1872 782 1932 fabulis
798 1892 950 1952 persaepe
965 1872 1067 1946 solet,
1090 1866 1196 1929 veluti

92 1952 170 2019 Fab.
187 1962 237 2022 16.
253 1978 325 2017 oum
342 1957 514 2017 Orauulum
531 1958 672 2040 maligno
686 1954 889 2037 exploraturi
904 1950 1098 2036 respondet,
1122 1946 1197 2019 όπό-

94 2030 251 2186 rrrt
265 2031 368 2187 ir
387 2041 502 2189 νῦν
515 2046 728 2194 iterat
748 2040 1197 2193 :ltltltetttr

236 2171 245 2200 ‚
367 2172 373 2187 .
423 2153 464 2187 νιν
536 2172 543 2187 .
638 2174 646 2189 .
727 2170 733 2185 .
974 2166 983 2183 .

96 2209 132 2269 in
147 2209 307 2271 mitiorem
324 2150 444 2294 piirtern
464 2152 576 2295 Aesopi.
593 2211 670 2271 Fab.
687 2218 739 2279 25.
760 2211 819 2270 ubi
836 2208 978 2273 medicus
1002 2206 1050 2267 ait
1071 2228 1199 2269 coarsu-

95 2293 196 2367 lenti,
231 2285 380 2373 όοότνς,
412 2300 440 2361 ελ
458 2295 607 2370 σώζεσθαι
628 2294 744 2373 βούλει,
779 2296 880 2377 λαβών
901 2292 994 2377 ἄρτον
1014 2328 1059 2342 —-
1078 2292 1195 2367 ἐπίδος.

98 2378 208 2481 Quare
228 2400 294 2439 nou
319 2382 440 2441 irascor
459 2381 599 2462 pristino
620 2380 806 2463 interpreti,
830 2378 910 2441 haec
925 2376 1018 2441 verba
1035 2376 1197 2455 vertenti,

95 2464 980 2631 tlze'ztlneistlt'te.⁸.³.313.l⁰l3·..l;‚2l2l.⁰;l;
996 2466 1051 2607 ¹5..
1066 2460 1198 2629 ἓῗῖἷαῗζ

98 2650 180 2711 quae
196 2645 264 2691 tum
286 2634 443 2695 formulae
465 2650 615 2710 nostrae,
639 2649 705 2695 tum
724 2636 819 2696 etiam
834 2632 900 2695 loci
915 2628 1117 2707 rationibus,
1141 2651 1200 2715 op·

96 2715 175 2786 time
187 2718 411 2780 conveniebat.
433 2720 553 2782 Lanu.

184 2800 260 2883 Peg·
277 2811 350 2872 340.
368 2808 390 2866 l.
409 2813 459 2871 10.
487 2803 701 2887 Τόςὲπλτῶν)
730 2806 792 2864 Pro
810 2806 873 2881 ἐπὶ,
902 2805 975 2887 lego
996 2800 1049 2867 dri.
1094 2797 1200 2877 Vide,

99 2906 140 2950 an
154 2886 201 2944 sio
216 2902 345 2947 sanetur
362 2892 462 2949 loeus.
493 2890 526 2951 N
530 2911 578 2948 am
594 2889 679 2971 quod
696 2893 816 2962 ἐλπίδας
827 2885 944 2971 χρόνων
959 2882 1128 2969 μελλόντων
1138 2906 1200 2967 pro

98 2987 176 3031 rnetu
186 2970 292 3054 futuri
313 2973 465 3048 sumitur,
493 2988 584 3035 nete
607 2990 757 3035 moretur.
805 2972 955 3033 Habuisti
977 2972 1064 3037 enim
1083 2974 1148 3049 lam
1163 2970 1200 3029 iu

97 3052 382 3139 praecedentibus,
406 3050 475 3139 cap.
491 3068 520 3125 3.
544 3068 598 3135 τῆς
615 3066 676 3121 τῶν
699 3055 866 3141 μελλόντων
882 3062 988 3121 κακοῖν
1001 3056 1143 3129 ἐλπίδος·
1166 3066 1202 3115 et

98 3140 126 3198 ν’.
146 3144 197 3203 11.
213 3140 295 3212 ἐλπὶς
311 3148 368 3204 τοῦ
383 3140 493 3225 φόβον.
539 3144 598 3214 sio,
616 3144 711 3203 etiam
734 3142 881 3227 Chrysost.
900 3146 1027 3219 253,1.
1053 3138 1095 3200 ad
1117 3134 1206 3221 Pop:

98 3220 253 3287 Antiouh.
298 3224 450 3286 Omnium
468 3229 602 3289 maxima
618 3226 789 3293 difficultas
806 3226 1068 3307 exsequentibus
1083 3223 1201 3301 oritur,

99 3301 151 3373 ἔπ’
165 3301 195 3369 ui.
210 3310 234 3371 ἒ.
249 3334 275 3373 τ.
291 3330 317 3373 o.
332 3332 396 3393 quo
410 3313 494 3372 enim
512 3314 691 3373 referantur
707 3334 773 3372 non
787 3312 917 3374 habent.
940 3311 1072 3373 Sonant.

184 3391 263 3454 Eud.
281 3399 303 3461 l.
326 3404 375 3461 11.
394 3389 560 3473 Ἔλπλόας)
590 3398 688 3458 Conf.
712 3418 792 3479 quae
815 3416 910 3477 supra
929 3390 1069 3455 dictand
1085 3402 1201 3473 unp-3.

99 3476 155 3539 De
177 3479 294 3557 plurali
313 3494 417 3540 autem
439 3503 534 3561 supra
557 3502 687 3562 quoque
700 3487 761 3560 jam
785 3480 864 3539 dixi.
909 3479 1009 3541 Couf.
1025 3484 1162 3559 cap.38.
1175 3478 1202 3537 f.

101 3560 220 3643 Quom.
234 3562 311 3630 hist.
326 3579 387 3627 ote.
405 3573 456 3632 61.
471 3568 493 3625 f.
509 3580 541 3625 et
563 3560 663 3648 Longe.
688 3568 771 3628 Past.
785 3565 849 3625 III.
865 3585 897 3646 p.
914 3570 968 3633 99.
981 3560 1058 3649 παρ’
1072 3566 1203 3641 ἐλπίδας,

101 3660 134 3705 et
151 3646 259 3713 Duker.
272 3647 311 3713 ad
327 3650 454 3734 Thucyd
470 3651 561 3711 VIII.
579 3674 606 3719 o.
623 3659 683 3728 81,
698 3656 752 3719 48.
774 3652 899 3711 Rama.

186 3730 265 3799 Ibit.
290 3733 437 3817 Χρόνων,
461 3731 511 3799 ἐπ’
534 3731 643 3818 αὐτόν)
666 3737 726 3795 Ait
748 3730 988 3815 Tyrannicida,
1015 3752 1050 3793 te
1072 3730 1199 3793 sublato

101 3817 234 3893 tyranni
254 3816 339 3894 filio,
369 3820 475 3879 omnia
499 3820 595 3881 simul
617 3824 697 3881 mala
716 3820 799 3901 patri
817 3816 1007 3923 ingessisse,
1030 3836 1112 3899 quae
1129 3838 1203 3879 snm

102 3899 186 3964 meri
206 3917 365 3984 cogerent·
400 3900 537 3970 ’Ἁπανπα
559 3908 664 3971 τολννν
686 3903 768 3990 αὐτῷ
791 3898 1115 3985 όθροωπερὶέστησα,
1147 3902 1204 3983 τὴν

104 3982 215 4081 quium,
238 3983 295 4066 τὴν
310 3986 412 4070 λύπην
416 4035 427 4063 ,
449 3988 506 4072 τὴν
519 3988 701 4073 όπόγνωσιν,
723 3991 776 4057 τόν
795 3986 906 4093 φόβαν,
926 3984 983 4063 td}
995 3988 1119 4053 ἐπὶτῶν
1134 3994 1203 4069 μελ-

103 4075 218 4143 tovena
239 4073 360 4147 ἑλπίόας
379 4076 516 4159 χρόνων,
546 4076 597 4143 ἐπ’
622 4074 714 4147 adria
734 4080 907 4162 ἕχρησνμην
928 4080 995 4149 τοῖς
1012 4068 1203 4159 σνμμόχαις,
1227 4093 1236 4108 ·
