2634 4680
197 336 203 348 .
237 306 283 353 rs
310 302 607 352 annosorum
631 300 951 350 srvnsnrrou.
1064 286 1140 362 489

44 454 127 538 pleri
147 450 279 527 debeat,
303 448 422 508 docent
440 445 483 522 ii,
505 446 562 530 qui
586 445 626 507 de
643 445 827 526 Ellipsibus'
843 446 1054 530 scripserunt,
1078 452 1140 515 do-

45 555 99 602 cet
121 538 217 600 etiam
229 541 337 608 locus,
360 550 453 615 quem
475 529 617 592 Gesnerus
630 532 806 605 contulit‚··
820 533 922 593 Zeux.
939 553 967 595 c.
984 544 1010 600 1.
1024 534 1066 619 μὴ
1080 534 1142 624 ἄρα

45 622 191 703 πάμπολυ
206 635 268 681 eto.-
295 613 502 677 Germanico
517 618 624 675 locum
640 614 687 672 ita
704 627 850 687 venamu-
873 612 951 675 Nun
976 620 1094 682 macht'
1107 644 1143 686 ει
1233 620 1237 628 “

47 709 109 768 mir
127 709 190 766 fast
204 702 315 785 wenig
331 700 449 781 S'orge.
472 696 614 759 dass-dis
628 696 733 774 Ehre,
756 697 827 759 hier
846 701 1066 782 aufcutreteu,
1087 728 1144 770 um

49 793 150 853 vieles
168 789 315 872 geringer
333 782 520 845 erscheineu
539 781 684 858 micina,
706 787 752 843 als
767 780 805 841 iu
816 780 975 866 Olympia.
1020 788 1145 852 Viden.

50 892 103 936 cet
128 871 295 937 Wielondio
312 870 391 929 haec
408 866 525 943 verbs,
545 867 656 929 nescio
671 886 764 949 quam
777 865 819 929 ob
833 887 993 950 caussam,
1014 892 1145 955 prom.

48 958 301 1043 praetermittere
315 950 447 1035 placuit.
467 951 588 1015 Larus.
1000 996 1004 1003 ,

135 1057 213 1119 Eat.
223 1062 243 1121 1.
253 1065 284 1126 8.'
308 1049 533 1134 Πολυδάμαντι)
550 1052 632 1115 Pers.
646 1052 709 1117 Sat.
727 1060 755 1120 1.
774 1067 807 1115 et
822 1054 870 1116 ibi
883 1057 998 1140 interp,
1009 1059 1144 1126 Bonan,

51 1143 136 1207 Vide
149 1143 266 1225 Quom.
280 1141 367 1202 Hist.
386 1138 520 1199 Consor.
544 1157 571 1198 c.
582 1141 633 1206 86.
648 1151 681 1199 et
694 1141 756 1199 Pro
770 1138 859 1225 Imag
884 1188 892 1204 .
909 1163 934 1208 c,
950 1150 999 1210 19,
1017 1144 1147 1209 Scotus-

52 1253 145 1290 soeus.
190 1227 292 1308 Cujus
318 1236 423 1284 statua
452 1222 536 1283 febri
557 1221 778 1282 laborantibus
805 1161 882 1286 med

51 1318 154 1376 Deor.
169 1311 294 1374 Concil.
312 1331 338 1370 c.
356 1316 405 1375 12.
421 1304 631 1369 Bourdelotius
644 1306 698 1366 hic
718 1329 776 1368 nos
791 1306 831 1368 ad
847 1313 944 1394 longe
959 1312 1057 1373 alium
1070 1314 1149 1376 Per-¹

54 1402 94 1459 sii
112 1394 341 1475 Polydamanta
367 1391 525 1455 amandat.
569 1391 660 1452 Vicit
680 1389 735 1452 hio
756 1399 928 1482 παγκρατίῳ
951 1397 1001 1458 Ol.
1021 1397 1148 1462 XCIII,

53 1481 130 1545 Vid.
148 1482 238 1543 Pons.
252 1482 303 1541 El.
317 1478 361 1539 Il.
393 1475 547 1538 Meminit
561 1475 652 1538 Pluto
670 1481 744 1540 Πολ.
758 1479 795 1537 A.
812 1501 885 1564 pag.
899 1479 958 1543 Ed.
976 1482 1048 1546 Ald.
1062 1490 1092 1547 7.
1107 1482 1148 1546 Α.

59 1581 93 1627 et
108 1565 242 1627 Basilius
257 1563 296 1626 ds
314 1565 396 1648 Leg.
412 1563 466 1623 Gr.
482 1561 537 1621 lib.
551 1558 566 1644 (
579 1559 663 1622 (ἕνον.
679 1559 736 1625 Ed.
753 1569 803 1630 96.
820 1563 858 1626 C.
869 1570 883 1641 )
895 1566 940 1625 Et
952 1567 1034 1628 Dion
1053 1565 1152 1652 Chry.

58 1667 129 1714 sosr.
144 1673 216 1734 pag.
231 1674 272 1715 m.
287 1657 361 1717 441.
378 1646 415 1709 C.
431 1645 489 1706 ubi
503 1644 690 1706 Thessalum
706 1662 811 1711 vocat.
834 1650 959 1723 SOL-⁴1¹·

143 1767 224 1829 thid.
247 1761 399 1852 Γλαύκῳ)
420 1761 496 1826 vicl.
513 1765 576 1823 Pro
591 1762 710 1847 Imagg.
731 1787 800 1846 cap.
817 1772 866 1833 19.
877 1750 1065 1849 ⁴Carystius,
1093 1768 1152 1852 qui
1254 1774 1258 1785 ’

57 1854 162 1917 XXV.
176 1851 371 1934 Olympiade
386 1861 568 1923 coronatus,
589 1847 684 1931 Pyrro
698 1870 755 1930 per
770 1852 993 1913 excellentiam
1008 1851 1153 1915 denomi-

58 1953 153 1998 natus
169 1936 298 1998 dicitur.
341 1936 396 1994 De
411 1954 449 1992 eo
467 1930 618 1993 Dnnostb.
634 1933 701 2015 περὶ
714 1954 796 2013 orso.
810 1934 867 1995 sub
881 1935 936 1996 fin.
954 1958 980 1997 c.
992 1944 1044 2003 99.
1061 1959 1093 2018 p.
1107 1960 1150 1999 m.

62 2029 134 2090 199.
150 2021 187 2080 Β.
201 2019 259 2080 ubi
273 2040 370 2102 prave
384 2015 533 2077 scribitur
546 2020 729 2097 Rouession·
752 2031 784 2080 et
796 2018 940 2082 Aescttn.
954 2043 980 2080 c.
995 2029 1048 2091 63.
1063 2021 1152 2086 Pi'nd.

61 2107 176 2181 etiam,
199 2101 254 2165 sed
272 2102 333 2165 ode
359 2102 413 2162 illa
430 2101 538 2183 periit.
582 2100 673 2163 Adde
697 2101 791 2165 etiam
807 2105 898 2166 Dion.
917 2103 1064 2191 Chrysost.
1079 2128 1153 2192 pag.

60 2199 135 2259 441.
152 2190 189 2252 C.
208 2188 266 2250 ubi
280 2186 364 2250 idem
381 2185 538 2269 Carystius.
559 2185 686 2251 Sonau.

147 2307 227 2372 ibid.
249 2307 496 2390 Παραθεωρῆτε)
518 2313 739 2387 Παραθεωρεῖν
755 2328 792 2369 ea
805 2308 872 2368 fere
893 2306 996 2369 forma
1020 2329 1156 2392 percus.¹

64 2418 134 2456 sum
151 2395 292 2470 verbum,
310 2413 346 2454 ac
359 2396 498 2474 παριδεῖν
510 2391 597 2497 apud
607 2391 794 2454 Herodotum
807 2392 836 2467 Ι,
850 2399 902 2461 37.
919 2407 951 2453 et
963 2401 1014 2462 88.
1038 2394 1157 2477 Quem.

64 2477 237 2540 admodum
257 2480 341 2540 enim
360 2477 408 2538 ibi
422 2481 559 2559 παριᾶων
582 2501 635 2559 μοι
657 2479 772 2541 δειλίαν
792 2475 861 2541 τινᾶ
882 2477 1068 2540 vertendum
1090 2492 1155 2556 ost,

64 2565 220 2626 observans
232 2563 266 2622 in
283 2584 332 2624 me
349 2561 555 2636 timiditatem,
578 2576 721 2643 separata
742 2583 760 2622 a
780 2560 877 2622 verbo
896 2563 1157 2669 praenotitionct

66 2650 112 2707 ita
126 2648 181 2706 hic
194 2648 288 2708 etiam
303 2656 514 2730 παραθεωρεῖν
528 2643 612 2706 idem
627 2659 691 2721 est,
713 2667 750 2704 ac
762 2654 891 2720 θεωρεῖν
905 2672 989 2730 παρα
1001 2655 1044 2735 τῷ
1057 2655 1161 2712 Παλα-

67 2729 195 2811 diuum
207 2757 236 2795 ιι.
248 2755 274 2794 τ.
293 2737 319 2792 λ.
342 2731 446 2790 Gcss.
492 2737 723 2809 Παραθεωρεῖτε
745 2730 801 2788 tt.
814 2729 865 2791 M.
882 2734 1005 2814 legere,
1029 2731 1160 2793 Solonw

66 2830 254 2892 notaverat3
275 2811 330 2874 sed
355 2811 431 2895 quia
447 2811 590 2893 dubites,
614 2812 699 2873 sitne
715 2811 825 2873 ΤΙιιοᾶ.
839 2814 1002 2875 Marcilius
1013 2837 1054 2874 an
1072 2817 1161 2877 Tlo-
1184 2886 1187 2891 ¹

67 2924 133 2960 mos
145 2900 295 2980 Magister
308 2895 554 2980 intelligendus,
583 2916 699 2957 moneo
722 2897 777 2960 Tt.
797 2898 979 2978 Magistrum
1000 2898 1162 2982 significa·

69 2986 115 3057 ri,
140 2986 259 3065 (quem
272 2980 453 3042 adeundum
475 2982 510 3040 in
526 2979 622 3042 verbo
643 2979 843 3063 παραβάλλω.
867 2996 1010 3043 extrema
1030 2980 1162 3044 tandem

68 3068 188 3151 pagina
204 3066 298 3127 docet
314 3063 429 3144 idem).
452 3066 484 3125 Is
500 3064 618 3148 igitur,
640 3069 712 3126 loco
728 3065 833 3140 dicto,
856 3065 934 3128 haec
948 3065 1062 3132 habeta
1085 3073 1162 3131 ΠΑ·

71 3160 277 3216 ΡΑΒΑΔΛΩ
288 3148 323 3215 τὸ
336 3145 505 3231 uindiciis),
529 3147 563 3215 cd
581 3152 711 3233 ἔρχομαι.
733 3153 785 3214 καὶ
805 3147 839 3215 si
852 3149 1056 3232 παρεξειάζω,
1077 3147 1163 3216 dccl

69 3243 264 3320 παραθεωρω
277 3232 360 3317 παρὰ
371 3241 537 3320 Λουκιανρῖ
551 3231 692 3321 εὕρηται,
715 3238 747 3301 ἐν
762 3230 984 3324 τρῖἭρόδατος
999 3233 1161 3318 diderint·

69 3315 137 3387 n'tt'
154 3317 194 3403 ἢν
209 3321 262 3401 μὲν
275 3317 360 3401 ὑμεῖς
372 3315 602 3402 Πολυδάμαντι,
624 3317 803 3404 diluisse,
824 3316 847 3401 ἢ
865 3325 990 3386 Μίλωνι
1000 3324 1164 3405 ιιαραθειιι

68 3417 158 3489 osias.
203 3403 266 3468 Sed
284 3403 376 3485 parvi
389 3406 501 3481 refert,
526 3403 686 3490 quomodo
704 3405 787 3485 apud
801 3406 971 3469 Lucienum
986 3410 1090 3491 legas:
1113 3401 1165 3464 id-

70 3515 111 3554 eo
125 3494 288 3573 vulgatum
304 3510 371 3549 non
386 3510 510 3554 moveo.
555 3488 704 3551 Occurrit
725 3489 809 3550 idem
828 3489 958 3551 verbum
976 3510 1072 3571 supra
1093 3487 1164 3551 Ni-

71 3577 154 3658 grin.
166 3597 235 3657 cap·
251 3581 304 3640 20.
339 3573 420 3633 Item
434 3575 579 3635 Hermot.
593 3581 647 3641 74.
691 3574 735 3634 Et
751 3574 838 3634 infra
853 3574 917 3634 Pro
933 3574 1116 3658 Imsg.cap.
1130 3578 1163 3639 7.

71 3664 196 3720 Rrrrz.
238 3659 315 3721 Non
333 3679 408 3718 sane
422 3659 513 3739 parvi
526 3658 642 3739 refert,
664 3671 769 3718 utrum
784 3670 860 3738 post
871 3655 912 3739 ἢν
926 3656 1164 3740 Coniunctivus

72 3759 228 3826 ponatur,
252 3764 293 3804 au
304 3741 515 3808 Indicativus.
538 3743 581 3803 H.
596 3746 618 3804 l.
633 3749 876 3825 παραθεωρεῖτε,
920 3763 1087 3824 uamquam
1102 3746 1166 3803 leo·

73 3830 121 3888 tio
146 3842 193 3889 est
213 3849 366 3911 perquam
388 3840 533 3902 vetusta,
564 3826 652 3908 quod
675 3849 693 3886 e
715 3827 847 3886 Thomas
868 3764 957 3909 Ildsg.
977 3824 1165 3887 testimonio

72 3927 173 3994 patet,
196 3933 352 3988 necnon,
375 3925 412 3970 ut
426 3910 577 3988 conjicio,
600 3910 816 3983 Scholiastae;
841 3910 906 3975 vid.
919 3924 989 3973 not.
1003 3909 1044 3972 ad
1056 3909 1167 3973 schol.

74 4009 261 4061 nontamen
276 3996 417 4077 genuina
438 3992 583 4056 habenda
604 4009 715 4055 contra
735 4009 813 4056 vett.
832 3994 1014 4057 editionum
1030 4010 1169 4055 conson-

76 4103 155 4159 suru,
170 4079 226 4141 sed
241 4095 311 4142 orta
324 4102 342 4142 e
353 4078 515 4147 literarum
531 4104 559 4150 tr
573 4092 605 4147 tt
617 4105 637 4163 η
651 4080 917 4162 pronuntiatione
931 4078 1037 4169 parili·
1048 4080 1167 4144 Isau·

880 1227 926 1286 eri
950 1227 1147 1293 credebatur.
1215 1216 1223 1229 ’
1272 1224 1276 1237 '
