2634 4680
248 333 301 401 ¹sn
327 328 510 392 ououono
536 326 797 380 acarnanum
822 328 973 382 consen.
1091 302 1168 390 597
1225 346 1228 352 -

154 479 235 542 ibid.
257 473 380 561 Arietis)
402 476 479 538 Non
497 473 692 555 improbem,
704 475 744 535 sl
759 470 868 556 adeda,
892 492 952 560 p'ro
968 479 1095 562 ἑαυτὸν,
1116 483 1164 544 id.

70 589 136 650 que
152 588 210 648 pro
227 561 373 640 σεαυτὸν,
396 562 451 622 hic
470 565 630 643 legamus3
662 559 757 620 aliter
777 577 862 623 certe
882 558 1163 650 interpunganius,

68 651 219 711 nimirum
237 649 299 709 sic:
323 651 398 713 aiore
410 650 585 724 οἰκοδομεῖν
598 647 707 722 rsdeiq
719 641 779 727 ἤδη
792 647 843 710 acl
858 645 974 714 csiro'v‘
988 672 991 685 ·
1003 645 1046 725 ὥς
1066 655 1166 738 δείξῃς

68 751 130 797 etc.
174 735 227 794 Sic
240 734 370 814 planior
383 733 447 792 erit
460 749 590 802 sensus;
614 727 661 788 sic
678 727 809 792 Solonas
822 731 976 794 Iuntincm
990 733 1161 817 dispunxea

65 834 125 880 rat.
169 816 232 882 Sed
244 820 318 902 quia
331 837 407 877 mox
420 814 568 896 sequitur
591 810 684 886 αὐτὸς
700 813 859 896 ἐπινοῆσαι
871 815 984 895 debeis,
1004 822 1114 901 potest
1129 834 1162 883 et

64 906 173 985 priore
194 899 382 981 Ιοοοοῦτὸν
402 921 459 977 per
471 903 567 981 ipsum
589 896 698 974 reddi3
725 918 785 960 nec
805 898 891 962 adeo
909 905 1088 965 nt'cessario
1108 916 1163 975 res-l

65 982 229 1069 ciprocum
242 986 438 1069 requiritur,
461 1003 564 1068 neque
577 981 851 1051 siuenecesait-ate
866 985 943 1045 talia
957 1007 1080 1071 semper
1093 1013 1159 1050 mu·

63 1072 160 1133 tanda
177 1069 266 1130 duxi.
288 1086 292 1091 ·
309 1069 466 1152 Bengeliue
479 1067 513 1126 iu
530 1067 665 1148 praefat.
679 1065 768 1133 Edit.
787 1068 923 1130 minoris
935 1070 977 1132 N.
992 1073 1030 1136 T.
1048 1093 1082 1134 se
1096 1068 1161 1138 αὖ.

61 1154 114 1232 τὰς
129 1174 161 1217 et
175 1151 270 1218 αὐτοῦ
283 1175 376 1235 saepe
392 1174 451 1234 pro
466 1146 685 1217 «devastatio
707 1152 894 1234 reliquisse,
918 1156 982 1234 ait,
1012 1169 1044 1218 et
1064 1156 1163 1226 adeost

59 1241 258 1322 reciprocum
279 1261 372 1320 saepe
395 1257 478 1298 esse:
502 1234 589 1318 quod
608 1249 728 1296 utnon
745 1237 867 1319 ubique
883 1238 1044 1319 concedo,
1068 1240 1160 1326 (nun
1263 1288 1268 1296 .

59 1325 191 1386 credens
206 1317 303 1388 odensi
315 1339 347 1385 et
360 1317 457 1388 uisuri
468 1341 590 1402 semper
602 1320 785 1402 promiscue
797 1342 951 1403 usurpare
963 1324 1083 1404 licere)
1108 1324 1157 1388 itt

59 1424 193 1491 propter
205 1411 360 1489 permulta
376 1410 523 1489 exempla
536 1424 601 1465 non
621 1403 726 1465 audeo
740 1404 861 1488 ubique
876 1428 1009 1492 negare,
1032 1431 1092 1470 nec
1109 1409 1157 1473 di.

60 1516 142 1571 cere,
160 1492 267 1554 omnia
280 1489 431 1553 mutanda
449 1512 528 1567 esse,
544 1508 626 1573 quae
641 1488 669 1548 is
683 1488 718 1548 in
736 1491 934 1569 membranis,
954 1507 987 1554 et
1001 1512 1082 1577 quae
1096 1516 1157 1557 nos

58 1580 93 1638 in
110 1577 222 1660 priscis
239 1576 322 1636 Edd.
339 1576 539 1652 invenimus3
562 1595 634 1634 cum
650 1587 682 1633 et
692 1574 811 1643 Latini
834 1577 988 1654 nonnulli
1011 1594 1157 1641 auctores

57 1662 229 1724 discrimen
244 1663 328 1723 inter
343 1686 414 1723 suus
429 1674 461 1722 et
475 1663 537 1741 ejus
551 1657 735 1743 negligant,
757 1675 794 1718 ut
811 1658 844 1718 in
860 1660 1008 1746 Ambigg.
1021 1663 1153 1743 notavi,

57 1764 91 1808 et
107 1752 201 1829 ipsum
217 1768 276 1829 pro
292 1770 323 1808 se
339 1766 467 1830 quoque
483 1743 603 1804 dicant.
652 1736 852 1825 Diligentiss.
868 1745 901 1804 in
918 1746 1156 1831 investigandis

58 1831 163 1893 Codd.
182 1830 326 1908 Grcbins,
347 1831 441 1891 etiam
463 1826 496 1888 in
514 1827 605 1887 Edit.
623 1827 696 1891 Vct.
715 1830 803 1891 Test.
828 1828 939 1890 studio
950 1852 1045 1913 saepe
1059 1827 1156 1898 αὐτοῦ

56 1937 116 1999 pro
134 1911 227 1980 αὑτοῦ
244 1913 348 1992 dedit,
371 1929 408 1974 ut
423 1911 677 1988 Exot.·1x,33.
705 1915 844 1990 Μοῦοῆς
861 1948 906 1961 -
926 1917 1079 1989 lter-trans
1099 1915 1154 1995 τὰς
1226 1964 1232 1975 ..

54 2010 156 2085 χεῖρας
176 1992 280 2063 αὐτοῦ.
323 2000 446 2059 Iterum
467 1996 578 2070 sicX,
596 2006 648 2064 22.
690 1996 772 2059 ltem
788 1999 926 2062 Amore.
944 2000 997 2075 II,
1014 2010 1045 2067 7.
1066 1999 1154 2079 ὅπως

52 2081 244 2169 {definiciones
254 2080 289 2148 τὸ
308 2081 406 2164 ὄνομα
417 2088 473 2146 τοῦ
484 2089 564 2146 θεοῦ
574 2079 684 2154 αὐτῶν,
707 2097 739 2141 et
754 2103 785 2141 v.
802 2090 831 2150 8.
854 2085 960 2148 ἔπινον
973 2086 1006 2149 ἐν
1020 2093 1064 2170 293
1077 2091 1151 2175 οἴῃς,
1265 2124 1286 2133 -

52 2179 108 2235 τοῦ
120 2176 199 2234 θεοῦ
214 2166 321 2232 αὐτῶν.
366 2165 428 2230 Sed
442 2165 545 2228 Exod.
562 2166 622 2240 XI,
640 2175 670 2239 8,
688 2164 772 2226 idem
785 2166 890 2228 edidit
905 2166 1023 2245 Κύριος
1035 2172 1066 2235 δὲ
1080 2174 1151 2236 ἔδω.
1250 2218 1255 2225 ,

51 2254 159 2335 κετήν
176 2250 327 2339 χάριντῷ
349 2260 413 2338 λαῷ
434 2251 537 2316 αὑτοῦ.
580 2251 626 2311 Ut
646 2263 795 2311 sexcenta
820 2250 1081 2337 alia‚omittam,
1106 2279 1149 2320 ex

52 2339 170 2423 quibus
185 2353 328 2420 pateret,
352 2337 442 2396 illum
460 2335 587 2416 saepius
602 2337 733 2416 primam
753 2337 931 2420 laevigare,
954 2339 1011 2398 ubi
1036 2340 1150 2422 adspi-

51 2439 118 2485 rata
133 2446 173 2485 ex
190 2422 368 2506 praeceptis
385 2421 608 2483 Grammaticis
633 2423 840 2503 postulatur,
854 2436 887 2483 et
913 2424 1016 2482 rarius
1039 2425 1149 2507 adspi-

47 2511 174 2568 ratione
187 2508 248 2570 uti.
290 2506 357 2567 Ubi
374 2526 449 2566 vero
464 2504 503 2565 ad
517 2505 776 2588 perspicuitatem
793 2526 903 2566 sensus
926 2508 1076 2588 interest,
1099 2510 1147 2572 ibi

49 2615 111 2675 ego
129 2605 252 2651 mutare
276 2612 343 2652 non
365 2611 508 2664 vererer,
540 2609 659 2649 memor
681 2609 774 2670 quam
797 2590 894 2650 facile
916 2592 950 2650 in
978 2593 1147 2672 spiritibus

49 2678 212 2737 aberretur
227 2674 357 2756 ubique.
400 2673 441 2732 In
456 2671 564 2732 dubiis
579 2677 690 2731 saltem
704 2671 736 2730 id
755 2672 955 2755 eligendum,
980 2677 1066 2755 quod
1083 2701 1147 2739 me.
1182 2706 1189 2721 ι

48 2761 113 2820 lius
136 2773 198 2820 est:
230 2778 267 2818 ao
287 2756 398 2840 potius
420 2756 467 2816 sic
486 2755 708 2833 statuendum,
740 2756 816 2837 quia
838 2756 921 2817 Edd.
944 2775 975 2820 et
990 2759 1093 2821 Codd.
1110 2763 1145 2822 in

49 2843 278 2926 pronominum
292 2839 462 2923 spiritibus
472 2839 587 2901 misere
609 2837 784 2914 fluctuant,
808 2841 936 2918 omnia,
957 2857 995 2902 ut
1015 2864 1062 2904 res
1081 2866 1147 2926 po-

49 2933 159 3006 stulat,
182 2923 379 3011 corrigenda.
410 2924 465 2984 sic
479 2946 550 2984 oum
567 2923 665 3006 Long.
680 2925 765 2984 Past.
780 2925 846 3002 III,
868 2931 920 2991 97.
937 2927 993 3003 ait,
1015 2930 1068 2993 aab
1081 2926 1146 3011 ἒζή·

48 3039 92 3076 τεν
114 3009 191 3094 πρὸς
215 3007 325 3086 αὑτὸν,
348 3008 422 3088 d,st
442 3015 585 3091 λεχθῆναι
607 3004 836 3090 πιθανώτερον,
867 3009 1009 3071 delibant
1028 3036 1145 3092 secum,

49 3096 124 3180 qnid
133 3099 233 3176 potius
248 3095 402 3157 dicendum
425 3111 514 3175 esset5
535 3090 710 3153 secuudum
733 3092 768 3153 id
792 3094 1034 3178 corrigendum,
1057 3119 1145 3180 quo-

48 3183 109 3241 ties
133 3179 234 3240 simili
256 3180 290 3240 in
307 3186 382 3241 loco
402 3184 484 3239 male
507 3173 598 3243 αὐτὸν
620 3198 804 3260 expressum
823 3178 986 3250 offendas,
1010 3180 1032 3240 i.
1044 3203 1071 3244 e.
1086 3180 1145 3242 ubi

45 3266 224 3348 perieulum
243 3265 304 3342 sit,
329 3286 369 3325 ne
385 3263 424 3324 ad
441 3264 565 3340 aliam,
597 3284 669 3322 uam
689 3261 796 3337 decet,
819 3284 1002 3346 personam,
1024 3267 1145 3328 refeta-

46 3366 108 3413 tur.
153 3349 241 3409 Alibi
256 3351 340 3409 enirn
359 3364 391 3408 et
408 3346 492 3428 apud
507 3286 604 3410 eund.
618 3348 720 3430 Long.
733 3342 825 3412 αὐτὸν
837 3349 883 3407 sic
896 3348 1037 3430 positum
1053 3351 1143 3412 inve-

47 3436 124 3512 nio,
147 3435 316 3496 usL.111.
332 3455 362 3514 p.
380 3439 448 3501 105,
465 3432 524 3496 Ed.
541 3433 692 3514 Iungam.
708 3427 797 3513 dovre
819 3442 886 3507 τοῖς
899 3442 1046 3513 μητρᾶοιν
1065 3430 1143 3500 sisso·

45 3517 206 3593 κλάσαντες
227 3511 355 3595 mitoda,
379 3521 451 3599 agni
472 3517 616 3577 matribus
638 3538 673 3578 se
688 3517 911 3592 substernentes,
934 3518 1075 3595 subnixi,
1099 3518 1142 3580 ad

44 3604 220 3685 aagendam
243 3602 329 3685 quod
351 3603 445 3662 etiam
462 3601 495 3659 in
514 3597 625 3675 eriserit
637 3600 822 3662 mutandum
837 3599 972 3679 dixeris,
994 3602 1072 3682 quia
1087 3600 1140 3666 de-

46 3689 121 3749 inde
135 3712 166 3771 P·
181 3694 250 3754 109.
272 3683 429 3772 ἔγκῦψοοα
443 3685 554 3765 ἑαυτὴν
569 3685 685 3745 diserte
699 3684 860 3745 scribitur.
906 3684 1003 3746 Corsi.
1019 3709 1046 3746 c.
1062 3696 1091 3754 6.
1107 3682 1145 3751 et'
1222 3708 1226 3714 ’

46 3779 95 3840 15,
115 3774 205 3832 Dial.
229 3793 291 3854 seq.
314 3770 370 3829 ubi
393 3791 516 3830 rursum
539 3770 618 3829 haec
641 3768 822 3830 differentia
840 3771 991 3836 occurrit.
1013 3766 1137 3840 Rasna.

43 3861 128 3917 Tota
145 3856 205 3916 hac
220 3855 493 3916 demonstratione
509 3853 726 3934 qualicunque
751 3853 884 3914 minime
907 3874 988 3933 opus
1010 3872 1077 3918 erat
1101 3857 1136 3917 iu

41 3949 115 4003 loco
138 3940 325 4021 planissimo
334 3987 343 4015 ,
372 3961 464 4023 quem
482 3937 564 3997 Edd.
578 3936 617 3998 Β.
631 3945 658 4005 1.
675 3953 706 3997 et
720 3946 749 4006 8.
773 3937 946 3999 rectissime
966 3937 1137 4010 ediderunt

39 4041 72 4088 ot
87 4023 231 4106 Micyllus
245 4026 367 4107 optime
379 4023 485 4087 vertit.
506 4082 512 4095 ,
528 4021 590 4084 Sed
606 4043 703 4103 prava
716 4021 901 4083 Atticarum
915 4022 1136 4104 interpunctio

39 4125 115 4194 post
128 4108 189 4192 ἥὸη
208 4107 331 4185 effecit,
356 4123 392 4169 ut
404 4114 466 4192 jam
484 4121 672 4192 torquerent
685 4128 719 4168 ae
734 4106 946 4190 interpretes,
971 4108 1135 4192 quomodo
