2634 4680
307 292 373 348 ss
425 248 911 349 suasoriam.
1083 287 1163 361 427

63 460 165 511 sortes
182 443 346 529 sequitur,
366 461 410 506 sc.
428 461 584 526 equorum
603 439 825 542 agitationem.
867 446 924 510 De
943 445 1072 512 Latinis
1096 472 1163 516 no-

63 532 206 593 minibus
222 528 369 613 superius
386 528 492 589 allatis
507 526 583 588 dico
597 526 687 606 alibi,
699 540 737 588 ut
752 542 786 591 ct
800 526 1003 597 desursibus
1024 535 1163 605 Bonan.

65 613 201 692 Κάλπις,
228 614 327 675 Sortes
344 610 524 695 Olympicus.
548 611 682 674 Gerar.

12 710 26 721 ·’
107 739 110 744 .
150 697 230 761 lhid.
251 692 402 783 Ἀργυρᾶ)
434 697 516 758 Cum
532 695 614 761 Junt.
634 693 731 757 ctiam
747 697 871 807 (aeque
887 720 925 762 ac
938 700 1104 790 reliquae)
1117 707 1163 766 la·

66 798 155 930 dem
176 779 313 868 ἀργυρᾶ,
344 779 475 842 Solorius
493 778 721 862 adscripscrat:
743 802 785 843 an
805 790 939 869 αργιρᾶς
959 787 1079 860 Rectc;
1097 809 1164 850 neo

90 869 248 929 ubitarem
262 865 405 947 recipere
421 863 535 925 invitis
548 861 632 927 Edd.
646 883 729 948 qnae
744 887 840 949 saepe
852 883 988 950 peccant
1001 870 1036 930 in
1052 892 1165 934 accen·

62 953 161 1014 tibus:
205 951 284 1015 Sola
299 964 405 1013 autem
419 947 459 1009 Β.
474 956 505 1016 2.
518 946 574 1008 hic
586 946 669 1011 hanc
679 950 760 1034 legit
774 947 907 1052 devorti,
930 974 1022 1052 quam
1035 976 1163 1037 sequor.

12 1029 20 1061 '
63 1039 191 1100 Rrrrz.
234 1031 394 1096 Mendum
410 1032 474 1094 hcc
493 1031 527 1092 in
542 1028 1001 1117 Eddvctt.fra'qnentrss1mc
1016 1037 1161 1104 obvium.

12 1114 18 1151 ³
62 1122 116 1183 Sic
131 1113 297 1204 uoppupois
319 1121 401 1203 (pro
413 1121 608 1201 πορφυρᾶν)
630 1117 793 1203 ipsoruldu
812 1118 954 1183 Charon.
971 1143 999 1182 c.
1015 1130 1067 1191 14.
1085 1149 1162 1208 zap·

11 1200 17 1291 ἶ
63 1208 160 1289 ovavi
174 1226 233 1288 1³1⁰
248 1209 410 1286 ποιφνιοῑ
424 1202 557 1265 Timon·
572 1223 600 1263 ⁰·
617 1209 724 1271 tomo
744 1202 830 1287 φυρὰ
842 1206 976 1291 διφθέρα
991 1207 1161 1274 Demere.

11 1308 14 1317 “
62 1287 168 1353 cond.
192 1310 219 1352 c.
232 1294 287 1357 41.
316 1285 408 1349 Talia
430 1286 484 1348 vol
503 1284 620 1348 invitis
634 1288 732 1351 'omni
755 1309 793 1350 ns
815 1287 1028 1351 Editionibus
1053 1313 1164 1355 ernen-

62 1372 168 1434 danda
184 1387 271 1436 sunt.
315 1371 358 1432 H.
373 1374 397 1435 1.
414 1391 482 1432 non
498 1370 601 1431 solum
615 1371 653 1437 B.
669 1379 703 1440 2.
715 1371 772 1435 sed
788 1374 885 1436 etiam
899 1374 939 1442 Β.
954 1382 983 1445 1.
999 1390 1032 1441 et
1047 1383 1080 1446 8.
1094 1397 1165 1440 rec·

62 1473 128 1520 tam
148 1458 339 1542 scripturam
354 1468 537 1517 tennerunt.
550 1454 678 1522 'Lunna
884 1460 887 1465 '
1154 1456 1157 1463 '

146 1541 221 1626 Peg.
234 1546 292 1610 60.
308 1545 331 1605 l.
345 1547 378 1609 7.
399 1536 548 1621 Ἀπέχει)
576 1540 706 1646 cinglio.
734 1532 842 1627 ἇιὸχιι.
869 1518 1007 1607 Bonan.
1060 1546 1164 1610 Recte

63 1647 154 1688 meus
169 1648 241 1687 cum
258 1627 354 1710 Angl.
372 1621 469 1708 ἀνέχει
489 1618 588 1688 adron·
607 1650 663 1706 ιην
684 1632 785 1710 χεῖρα,
814 1650 906 1691 manu
924 1627 1024 1712 alato3
1051 1643 1089 1690 ut
1106 1649 1164 1713 ap·

61 1711 157 1776 Hom.
171 1705 312 1795 ἆνασχοὶι
324 1707 380 1791 τὴν
394 1717 487 1792 χεῖρα.
498 1707 588 1787 Male
600 1710 699 1792 vulgo
714 1707 829 1794 ἀντέχει
840 1711 896 1794 mlv
910 1721 1002 1797 χεῖρα.
1026 1713 1161 1778 Gaaav.

144 1794 223 1860 Eas.
236 1802 258 1861 l.
274 1800 305 1861 9.
323 1787 523 1876 Ἀλυιᾶρχης)
546 1792 617 1867 Pete
633 1793 791 1858 Ver-inum.
804 1796 917 1857 Baon.
953 1795 1028 1859 vid.
1046 1798 1163 1862 Marm.

63 1879 174 1945 Oxou.
192 1901 224 1961 p.
240 1886 311 1948 109.
330 1892 363 1938 et
377 1882 459 1959 quo's
479 1874 578 1936 isthic
591 1874 704 1937 laudat
717 1880 755 1942 cl.
770 1878 822 1939 vir
834 1878 879 1941 H.
894 1876 1053 1944 Prideuurr
1065 1880 1161 1968 (God.

62 1963 177 2026 ΤΙιιοιῑ.
195 1964 273 2043 XV,
284 1969 315 2030 9.
331 1960 433 2044 Gujoc.
451 1956 529 2029 Obs.
546 1960 599 2039 lI,
618 1968 669 2029 18.
687 1959 824 2048 Gotdofr.
841 1961 881 2022 ad
901 1961 975 2028 Cori.
988 1969 1012 2028 l.
1029 1987 1056 2027 e.
1072 1967 1163 2029 Pla-

62 2073 126 2110 vor.
148 2061 180 2108 ct
198 2047 238 2108 Ει
287 2049 318 2128 .)
337 2047 486 2106 Praeerat
507 2042 563 2104 hic
582 2052 650 2120 τοῖς
666 2044 917 2129 μαστιγοφόροις,
948 2069 1030 2130 qnos
1052 2045 1165 2129 ι’λῦιις

63 2131 139 2192 Elei
151 2073 320 2192 vocaidht.
343 2130 469 2191 Sonam.
516 2129 553 2190 V
548 2131 664 2190 urinum
677 2129 723 2190 ait
729 2130 824 2192 Brod.
839 2129 874 2191 id
888 2146 936 2192 cst
950 2132 1163 2215 Phanorinum,

63 2215 122 2299 qni
140 2215 218 2276 olim
236 2215 402 2278 Guarinus:
425 2210 481 2275 sed
494 2213 563 2293 ipse
578 2212 691 2275 maluit
712 2214 846 2277 Varinus
861 2213 990 2292 audire,
1013 2218 1166 2281 Phovori-

62 2326 119 2362 nur
135 2321 211 2362 vero
227 2322 244 2361 a
261 2305 335 2360 loco
358 2298 458 2359 natali
477 2297 742 2382 cognominatus,
766 2319 833 2383 quo
849 2300 1043 2385 cognomine
1062 2302 1164 2369 hodic

61 2386 189 2462 notior,
216 2405 309 2467 quam
326 2386 438 2447 altero.
460 2383 585 2445 Rnrrz'.
1099 2392 1103 2399 '

147 2468 225 2531 End.
243 2474 267 2531 1.
283 2476 334 2537 13.
358 2475 410 2531 Πα
429 2462 619 2546 scortigato)
642 2466 846 2527 Pancratium
882 2464 958 2549 uid',
980 2468 1080 2532 tradit
1094 2470 1166 2534 Lu-

62 2554 167 2615 cienus
182 2555 221 2614 de
240 2554 393 2633 Gymnas.
433 2551 607 2612 iilustratus
624 2548 663 2610 dc
678 2550 809 2612 athletis
834 2488 949 2631 radent,
970 2558 1164 2637 pancratium
1247 2588 1251 2601 ·

65 2641 254 2719 palaestram
269 2637 363 2695 simul
379 2648 411 2697 et
425 2635 616 2717 pugillatum
629 2633 748 2696 vocari.
772 2634 882 2696 Coos.
1153 2642 1159 2669 ¹

151 2720 227 2800 Peg.
244 2727 296 2787 61.
310 2724 331 2783 l.
347 2727 377 2785 2.
401 2715 531 2800 I'po'ruuu
548 2727 593 2792 ιι)
625 2718 749 2779 Misera
773 2717 808 2777 in
829 2740 865 2779 re
889 2719 982 2783 facili
1005 2721 1165 2786 fluctuant

63 2802 149 2864 Edd.
167 2804 237 2863 Nos
255 2825 295 2863 cx
310 2803 598 2863 Grammaticorum
613 2799 809 2876 canonibus,
833 2803 890 2885 qui
911 2826 978 2865 non
994 2808 1165 2887 patiuntur

64 2888 146 2948 duos
161 2901 309 2948 accentus
325 2899 439 2946 acutos
457 2886 491 2943 in
509 2883 642 2965 syllabis
652 2885 817 2967 contiguis
833 2886 930 2947 unius
947 2888 1037 2950 vocis
1050 2891 1162 2963 scribi.

63 2970 224 3054 aqumodi
238 2971 392 3030 minutias
406 2968 615 3051 corrigimus,
639 2969 784 3052 quamvis
797 2969 914 3033 millies
934 2968 1024 3057 λόγός
1043 3000 1107 3052 τις,
1130 2988 1165 3036 et

63 3055 184 3116 similia
202 3055 236 3114 in
254 3052 455 3115 editionibus
476 3067 509 3115 et
531 3051 715 3115 scholiastis
737 3053 898 3135 reperias,
917 3071 958 3120 ,et
980 3057 1044 3119 viri
1064 3060 1164 3120 etiam

61 3137 183 3201 eruditi
197 3138 295 3201 hodie
314 3138 378 3199 sibi
392 3138 428 3199 in
449 3136 500 3198 his
522 3137 668 3222 apicibus
691 3138 887 3202 collocandis
909 3163 978 3204 non
1002 3156 1164 3207 constent·

59 3226 184 3288 Rnrrz.

146 3308 224 3373 End.
239 3314 262 3371 1.
277 3316 306 3377 6.
338 3308 587 3388 Συμπειεῖσθαι)
615 3304 713 3371 Conf.
738 3306 825 3370 infra
847 3308 922 3379 Jos.
940 3313 1036 3398 Trag.
1062 3332 1091 3376 c.
1106 3315 1161 3381 40.

62 3392 145 3455 med.
190 3396 234 3454 Et
247 3397 366 3455 Toxar.
382 3401 434 3462 38.
456 3395 585 3456 Sonare.

146 3478 225 3539 Eud.
244 3483 267 3540 l.
282 3486 331 3545 10.
350 3473 598 3559 Tarentinorum)
620 3477 749 3562 Anglic·
773 3478 954 3557 ἐπισκοπεῖς.
997 3479 1113 3545 Mend.
1126 3481 1164 3547 in

63 3563 125 3623 hac
146 3584 220 3646 pag.
246 3562 378 3623 nomina
398 3562 601 3645 loquentium
622 3563 712 3624 varie
737 3564 873 3626 confusa
897 3578 997 3626 erant.
1027 3566 1164 3627 Bonan.

63 3648 201 3708 Rectius
224 3645 323 3707 iidem
348 3646 425 3707 libri
447 3642 856 3734 ἕπισκοιιιῖςιᾶγρᾶμμαιι,
878 3654 1084 3734 promulgato
1100 3644 1164 3717 drit-

65 3729 243 3875 “iiiiii
269 3734 442 3875 &himins
462 3730 717 3883 rgffiipr'egiteror.
745 3732 880 3799 Gnanv.
932 3733 1030 3818 Angl.
1050 3747 1085 3797 ct
1104 3724 1163 3799 G'r.

67 3834 151 3875 aar
211 3835 459 3878 aurs.e.
558 3837 663 3877 ,rra
1073 3830 1076 3837 “

150 3835 226 3979 d'ag·
240 3905 293 3966 62.
309 3903 333 3959 l.
353 3908 382 3967 1.
402 3836 540 3976 ’ἐκεῖνός
557 3900 637 3978 ἐστι)
657 3901 749 3983 Lego
768 3904 797 3966 ri
809 3899 906 3970 dssiud
928 3904 1004 3969 loss·
1025 3903 1164 3967 retertur

66 3981 154 4045 anim
178 3980 381 4045 hauddubie
402 3984 443 4044 ad
459 3981 592 4071 γράμμα.
634 3984 706 4046 Nec
728 3986 822 4048 aliter
842 3987 1048 4071 interpretas,
1081 4009 1164 4071 quos

68 4064 218 4147 aldoin,
228 4065 308 4129 licat
318 4067 395 4131 libri
408 4088 519 4135 omncs
531 4084 659 4134 servant
669 4071 795 4148 ἐκεῖνος.
813 4071 917 4138 Gaas.
950 4072 985 4134 si
1000 4075 1163 4158 vulgatam
1257 4134 1260 4141 .
