<?xml version="1.0" encoding="UTF-8"?>
<!DOCTYPE html PUBLIC "-//W3C//DTD XHTML 1.0 Transitional//EN"
    "http://www.w3.org/TR/xhtml1/DTD/xhtml1-transitional.dtd">
<html xmlns="http://www.w3.org/1999/xhtml" xml:lang="en" lang="en">
 <head>
  <title>
</title>
<meta http-equiv="Content-Type" content="text/html;charset=utf-8" />
  <meta name='ocr-system' content='tesseract 3.04.00' />
  <meta name='ocr-capabilities' content='ocr_page ocr_carea ocr_par ocr_line ocrx_word'/>
</head>
<body>
  <div class='ocr_page' id='page_1' title='image "./lucianisamosate00lehmgoog_0443.png"; bbox 0 0 2634 4680; ppageno 0'>
   <div class='ocr_carea' id='block_1_1' title="bbox 160 294 1002 365">
    <p class='ocr_par' dir='ltr' id='par_1_1' title="bbox 160 294 1002 365">
     <span class='ocr_line' id='line_1_1' title="bbox 160 294 1002 365; baseline -0.024 1"><span class='ocrx_word' id='word_1_1' title='bbox 160 294 238 365; x_wconf 54' lang='lat'><strong>&amp;4</strong></span> <span class='ocrx_word' id='word_1_2' title='bbox 431 300 1002 354; x_wconf 75' lang='lat' dir='ltr'><strong>nnuornrrouua</strong></span> 
     </span>
    </p>
   </div>
   <div class='ocr_carea' id='block_1_2' title="bbox 89 448 1314 4178">
    <p class='ocr_par' dir='ltr' id='par_1_2' title="bbox 163 448 1314 1637">
     <span class='ocr_line' id='line_1_2' title="bbox 163 448 1274 533; baseline -0.006 -15"><span class='ocrx_word' id='word_1_3' title='bbox 163 456 302 520; x_wconf 88' lang='lat' dir='ltr'><strong>dendum</strong></span> <span class='ocrx_word' id='word_1_4' title='bbox 316 452 446 529; x_wconf 66' lang='lat' dir='ltr'><strong>curavig</strong></span> <span class='ocrx_word' id='word_1_5' title='bbox 466 472 537 511; x_wconf 89' lang='lat' dir='ltr'><strong>nam</strong></span> <span class='ocrx_word' id='word_1_6' title='bbox 560 449 722 533; x_wconf 85' lang='lat' dir='ltr'><strong>ingratum</strong></span> <span class='ocrx_word' id='word_1_7' title='bbox 738 448 785 508; x_wconf 91' lang='lat' dir='ltr'><strong>ibi</strong></span> <span class='ocrx_word' id='word_1_8' title='bbox 805 468 937 525; x_wconf 87' lang='lat' dir='ltr'><strong>tonum,</strong></span> <span class='ocrx_word' id='word_1_9' title='bbox 961 448 1122 533; x_wconf 80' lang='lat' dir='ltr'><strong>ingratam</strong></span> <span class='ocrx_word' id='word_1_10' title='bbox 1143 450 1274 532; x_wconf 82' lang='lat' dir='ltr'><strong>repeti-</strong></span> 
     </span>
     <span class='ocr_line' id='line_1_3' title="bbox 164 530 1273 617; baseline -0.008 -13"><span class='ocrx_word' id='word_1_11' title='bbox 164 546 286 604; x_wconf 90' lang='lat' dir='ltr'><strong>tionem</strong></span> <span class='ocrx_word' id='word_1_12' title='bbox 301 538 398 597; x_wconf 84' lang='lat' dir='ltr'><strong>facit:</strong></span> <span class='ocrx_word' id='word_1_13' title='bbox 424 537 452 594; x_wconf 79' lang='lat' dir='ltr'><strong>ei</strong></span> <span class='ocrx_word' id='word_1_14' title='bbox 469 539 518 617; x_wconf 64' lang='lat' dir='ltr'><strong>len</strong></span> <span class='ocrx_word' id='word_1_15' title='bbox 533 549 638 596; x_wconf 86' lang='lat' dir='ltr'><strong>autem</strong></span> <span class='ocrx_word' id='word_1_16' title='bbox 659 532 879 612; x_wconf 89' lang='lat' dir='ltr'><strong>retinendum,</strong></span> <span class='ocrx_word' id='word_1_17' title='bbox 901 530 1090 614; x_wconf 67' lang='lat' dir='ltr'><strong>neutricum</strong></span> <span class='ocrx_word' id='word_1_18' title='bbox 1109 534 1273 615; x_wconf 82' lang='lat' dir='ltr'><strong>oimplici·</strong></span> 
     </span>
     <span class='ocr_line' id='line_1_4' title="bbox 164 617 1273 700; baseline -0.005 -13"><span class='ocrx_word' id='word_1_19' title='bbox 164 643 230 700; x_wconf 89' lang='lat' dir='ltr'><strong>ter,</strong></span> <span class='ocrx_word' id='word_1_20' title='bbox 253 622 381 683; x_wconf 83' lang='lat' dir='ltr'><strong>tublcto</strong></span> <span class='ocrx_word' id='word_1_21' title='bbox 395 617 502 685; x_wconf 75' lang='grc' dir='ltr'><strong><em>ἑκατὸν</em></strong></span> <span class='ocrx_word' id='word_1_22' title='bbox 516 618 697 681; x_wconf 70' lang='lat' dir='ltr'><strong>scriberem.</strong></span> <span class='ocrx_word' id='word_1_23' title='bbox 718 620 843 678; x_wconf 81' lang='lat' dir='ltr'><strong>Rarru.</strong></span> <span class='ocrx_word' id='word_1_24' title='bbox 889 617 1080 700; x_wconf 85' lang='lat' dir='ltr'><strong>Quomodo,</strong></span> <span class='ocrx_word' id='word_1_25' title='bbox 1102 618 1214 683; x_wconf 67' lang='lat' dir='ltr'><strong>calvis</strong></span> <span class='ocrx_word' id='word_1_26' title='bbox 1229 640 1273 681; x_wconf 83' lang='lat' dir='ltr'><strong>rr·</strong></span> 
     </span>
     <span class='ocr_line' id='line_1_5' title="bbox 166 702 1274 785; baseline -0.004 -16"><span class='ocrx_word' id='word_1_27' title='bbox 166 707 329 782; x_wconf 80' lang='lat' dir='ltr'><strong>tionibus,</strong></span> <span class='ocrx_word' id='word_1_28' title='bbox 353 704 459 769; x_wconf 75' lang='grc' dir='ltr'><strong><em>ἑκατὸν</em></strong></span> <span class='ocrx_word' id='word_1_29' title='bbox 481 704 552 764; x_wconf 88' lang='lat' dir='ltr'><strong>tolli</strong></span> <span class='ocrx_word' id='word_1_30' title='bbox 575 703 694 785; x_wconf 84' lang='lat' dir='ltr'><strong>possit,</strong></span> <span class='ocrx_word' id='word_1_31' title='bbox 719 724 784 764; x_wconf 93' lang='lat' dir='ltr'><strong>uon</strong></span> <span class='ocrx_word' id='word_1_32' title='bbox 805 702 957 785; x_wconf 85' lang='lat' dir='ltr'><strong>equidem</strong></span> <span class='ocrx_word' id='word_1_33' title='bbox 974 702 1158 785; x_wconf 84' lang='lat' dir='ltr'><strong>percpicio.</strong></span> <span class='ocrx_word' id='word_1_34' title='bbox 1203 704 1274 765; x_wconf 89' lang='lat' dir='ltr'><strong>Imo</strong></span> 
     </span>
     <span class='ocr_line' id='line_1_6' title="bbox 166 784 1274 871; baseline -0.004 -16"><span class='ocrx_word' id='word_1_35' title='bbox 166 814 243 856; x_wconf 83' lang='lat' dir='ltr'><strong>vero</strong></span> <span class='ocrx_word' id='word_1_36' title='bbox 271 806 337 851; x_wconf 84' lang='lat' dir='ltr'><strong>trec</strong></span> <span class='ocrx_word' id='word_1_37' title='bbox 363 803 469 871; x_wconf 77' lang='lat' dir='ltr'><strong>partes</strong></span> <span class='ocrx_word' id='word_1_38' title='bbox 495 788 621 849; x_wconf 87' lang='lat' dir='ltr'><strong>numeri</strong></span> <span class='ocrx_word' id='word_1_39' title='bbox 646 787 814 848; x_wconf 78' lang='lat' dir='ltr'><strong>ducenarii</strong></span> <span class='ocrx_word' id='word_1_40' title='bbox 842 801 955 870; x_wconf 86' lang='lat' dir='ltr'><strong>quarta</strong></span> <span class='ocrx_word' id='word_1_41' title='bbox 980 786 1104 860; x_wconf 84' lang='lat' dir='ltr'><strong>demta,</strong></span> <span class='ocrx_word' id='word_1_42' title='bbox 1145 784 1274 852; x_wconf 84' lang='lat' dir='ltr'><strong>efficere</strong></span> 
     </span>
     <span class='ocr_line' id='line_1_7' title="bbox 167 870 1276 957; baseline -0.002 -20"><span class='ocrx_word' id='word_1_43' title='bbox 167 891 293 938; x_wconf 83' lang='lat' dir='ltr'><strong>centum</strong></span> <span class='ocrx_word' id='word_1_44' title='bbox 308 890 340 935; x_wconf 91' lang='lat' dir='ltr'><strong>et</strong></span> <span class='ocrx_word' id='word_1_45' title='bbox 355 872 603 957; x_wconf 78' lang='lat' dir='ltr'><strong>qulnquaginta,</strong></span> <span class='ocrx_word' id='word_1_46' title='bbox 625 893 736 932; x_wconf 89' lang='lat' dir='ltr'><strong>omnet</strong></span> <span class='ocrx_word' id='word_1_47' title='bbox 752 870 871 933; x_wconf 86' lang='lat' dir='ltr'><strong>docent</strong></span> <span class='ocrx_word' id='word_1_48' title='bbox 885 870 1105 933; x_wconf 83' lang='lat' dir='ltr'><strong>Arithmctici.</strong></span> <span class='ocrx_word' id='word_1_49' title='bbox 1157 872 1276 957; x_wconf 77' lang='lat' dir='ltr'><strong>Neque</strong></span> 
     </span>
     <span class='ocr_line' id='line_1_8' title="bbox 168 956 1274 1040; baseline -0.003 -17"><span class='ocrx_word' id='word_1_50' title='bbox 168 961 248 1023; x_wconf 89' lang='lat' dir='ltr'><strong>adeo</strong></span> <span class='ocrx_word' id='word_1_51' title='bbox 273 960 392 1020; x_wconf 87' lang='lat' dir='ltr'><strong>certius</strong></span> <span class='ocrx_word' id='word_1_52' title='bbox 417 956 593 1040; x_wconf 81' lang='lat' dir='ltr'><strong>quidquam</strong></span> <span class='ocrx_word' id='word_1_53' title='bbox 617 978 685 1018; x_wconf 78' lang='lat' dir='ltr'><strong>ease</strong></span> <span class='ocrx_word' id='word_1_54' title='bbox 706 971 834 1038; x_wconf 81' lang='lat' dir='ltr'><strong>poteat,</strong></span> <span class='ocrx_word' id='word_1_55' title='bbox 867 978 963 1039; x_wconf 81' lang='lat' dir='ltr'><strong>quem</strong></span> <span class='ocrx_word' id='word_1_56' title='bbox 985 956 1151 1017; x_wconf 78' lang='lat' dir='ltr'><strong>Codicum</strong></span> <span class='ocrx_word' id='word_1_57' title='bbox 1173 958 1274 1020; x_wconf 88' lang='lat' dir='ltr'><strong>lectio</strong></span> 
     </span>
     <span class='ocr_line' id='line_1_9' title="bbox 165 1038 1275 1126; baseline -0.005 -17"><span class='ocrx_word' id='word_1_58' title='bbox 165 1044 353 1126; x_wconf 70' lang='grc' dir='ltr'><strong><em>πεντήκοπτα</em></strong></span> <span class='ocrx_word' id='word_1_59' title='bbox 365 1046 419 1107; x_wconf 79' lang='grc' dir='ltr'><strong>καὶ</strong></span> <span class='ocrx_word' id='word_1_60' title='bbox 432 1038 552 1117; x_wconf 74' lang='grc' dir='ltr'><strong><em>ἑκατὸν,</em></strong></span> <span class='ocrx_word' id='word_1_61' title='bbox 578 1062 673 1120; x_wconf 88' lang='lat' dir='ltr'><strong>quam</strong></span> <span class='ocrx_word' id='word_1_62' title='bbox 687 1040 892 1101; x_wconf 81' lang='lat' dir='ltr'><strong>librariorum</strong></span> <span class='ocrx_word' id='word_1_63' title='bbox 909 1040 1110 1125; x_wconf 81' lang='lat' dir='ltr'><strong>negligentia</strong></span> <span class='ocrx_word' id='word_1_64' title='bbox 1125 1040 1275 1104; x_wconf 72' lang='lat' dir='ltr'><strong>turhatte</strong></span> 
     </span>
     <span class='ocr_line' id='line_1_10' title="bbox 168 1124 1277 1210; baseline -0.004 -18"><span class='ocrx_word' id='word_1_65' title='bbox 168 1130 306 1194; x_wconf 86' lang='lat' dir='ltr'><strong>videtur.</strong></span> <span class='ocrx_word' id='word_1_66' title='bbox 355 1129 439 1190; x_wconf 90' lang='lat' dir='ltr'><strong>Nam</strong></span> <span class='ocrx_word' id='word_1_67' title='bbox 463 1124 551 1210; x_wconf 90' lang='lat' dir='ltr'><strong>quod</strong></span> <span class='ocrx_word' id='word_1_68' title='bbox 574 1124 706 1187; x_wconf 78' lang='lat' dir='ltr'><strong>Solurme</strong></span> <span class='ocrx_word' id='word_1_69' title='bbox 723 1139 819 1209; x_wconf 79' lang='lat' dir='ltr'><strong>putat</strong></span> <span class='ocrx_word' id='word_1_70' title='bbox 841 1127 937 1185; x_wconf 88' lang='lat' dir='ltr'><strong>etiam</strong></span> <span class='ocrx_word' id='word_1_71' title='bbox 958 1129 1183 1191; x_wconf 68' lang='grc' dir='ltr'><strong>πεντεκαίδεκα</strong></span> <span class='ocrx_word' id='word_1_72' title='bbox 1203 1148 1277 1188; x_wconf 84' lang='lat' dir='ltr'><strong>curn</strong></span> 
     </span>
     <span class='ocr_line' id='line_1_11' title="bbox 167 1209 1278 1295; baseline -0.003 -20"><span class='ocrx_word' id='word_1_73' title='bbox 167 1216 231 1277; x_wconf 89' lang='lat' dir='ltr'><strong>hoc</strong></span> <span class='ocrx_word' id='word_1_74' title='bbox 245 1214 419 1275; x_wconf 90' lang='lat' dir='ltr'><strong>ratiocinio</strong></span> <span class='ocrx_word' id='word_1_75' title='bbox 436 1209 606 1272; x_wconf 87' lang='lat' dir='ltr'><strong>conciliari</strong></span> <span class='ocrx_word' id='word_1_76' title='bbox 619 1230 723 1290; x_wconf 81' lang='lat' dir='ltr'><strong>pocae,</strong></span> <span class='ocrx_word' id='word_1_77' title='bbox 734 1211 823 1270; x_wconf 77' lang='lat' dir='ltr'><strong>carui</strong></span> <span class='ocrx_word' id='word_1_78' title='bbox 832 1215 919 1291; x_wconf 86' lang='lat' dir='ltr'><strong>justo</strong></span> <span class='ocrx_word' id='word_1_79' title='bbox 934 1214 1008 1292; x_wconf 83' lang='lat' dir='ltr'><strong>plut</strong></span> <span class='ocrx_word' id='word_1_80' title='bbox 1022 1209 1155 1289; x_wconf 85' lang='lat' dir='ltr'><strong>tribuit,</strong></span> <span class='ocrx_word' id='word_1_81' title='bbox 1165 1232 1278 1295; x_wconf 81' lang='lat' dir='ltr'><strong>quam·</strong></span> 
     </span>
     <span class='ocr_line' id='line_1_12' title="bbox 167 1294 1276 1384; baseline -0.004 -25"><span class='ocrx_word' id='word_1_82' title='bbox 167 1322 261 1384; x_wconf 88' lang='lat' dir='ltr'><strong>quam</strong></span> <span class='ocrx_word' id='word_1_83' title='bbox 278 1321 344 1358; x_wconf 90' lang='lat' dir='ltr'><strong>non</strong></span> <span class='ocrx_word' id='word_1_84' title='bbox 358 1298 427 1357; x_wconf 86' lang='lat' dir='ltr'><strong>cine</strong></span> <span class='ocrx_word' id='word_1_85' title='bbox 444 1294 579 1378; x_wconf 88' lang='lat' dir='ltr'><strong>quadam</strong></span> <span class='ocrx_word' id='word_1_86' title='bbox 593 1294 778 1378; x_wconf 80' lang='lat' dir='ltr'><strong>tagacitote.</strong></span> <span class='ocrx_word' id='word_1_87' title='bbox 821 1295 976 1376; x_wconf 81' lang='lat' dir='ltr'><strong>Denique</strong></span> <span class='ocrx_word' id='word_1_88' title='bbox 990 1294 1150 1367; x_wconf 79' lang='lat' dir='ltr'><strong>Reitziue,</strong></span> <span class='ocrx_word' id='word_1_89' title='bbox 1175 1316 1276 1379; x_wconf 86' lang='lat' dir='ltr'><strong>quum</strong></span> 
     </span>
     <span class='ocr_line' id='line_1_13' title="bbox 167 1379 1277 1465; baseline -0.003 -21"><span class='ocrx_word' id='word_1_90' title='bbox 167 1390 217 1465; x_wconf 67' lang='grc' dir='ltr'><strong>ἔιη</strong></span> <span class='ocrx_word' id='word_1_91' title='bbox 234 1383 274 1446; x_wconf 93' lang='lat' dir='ltr'><strong>ob</strong></span> <span class='ocrx_word' id='word_1_92' title='bbox 291 1384 451 1465; x_wconf 80' lang='lat' dir='ltr'><strong>ingratum</strong></span> <span class='ocrx_word' id='word_1_93' title='bbox 474 1392 636 1440; x_wconf 78' lang='lat' dir='ltr'><strong>nouumet</strong></span> <span class='ocrx_word' id='word_1_94' title='bbox 650 1379 806 1461; x_wconf 79' lang='lat' dir='ltr'><strong>ingratam</strong></span> <span class='ocrx_word' id='word_1_95' title='bbox 821 1379 1048 1460; x_wconf 78' lang='lat' dir='ltr'><strong>repetitionem</strong></span> <span class='ocrx_word' id='word_1_96' title='bbox 1063 1380 1210 1443; x_wconf 66' lang='lat' dir='ltr'><strong>[luciani</strong></span> <span class='ocrx_word' id='word_1_97' title='bbox 1225 1380 1277 1463; x_wconf 77' lang='lat' dir='ltr'><strong>ip-</strong></span> 
     </span>
     <span class='ocr_line' id='line_1_14' title="bbox 168 1460 1314 1549; baseline -0.002 -20"><span class='ocrx_word' id='word_1_98' title='bbox 168 1472 235 1531; x_wconf 84' lang='lat' dir='ltr'><strong>siut</strong></span> <span class='ocrx_word' id='word_1_99' title='bbox 258 1489 326 1529; x_wconf 82' lang='lat' dir='ltr'><strong>ecce</strong></span> <span class='ocrx_word' id='word_1_100' title='bbox 341 1481 452 1549; x_wconf 80' lang='lat' dir='ltr'><strong>negat,</strong></span> <span class='ocrx_word' id='word_1_101' title='bbox 476 1461 728 1523; x_wconf 74' lang='lat' dir='ltr'><strong>fastidiosiorem</strong></span> <span class='ocrx_word' id='word_1_102' title='bbox 750 1460 782 1522; x_wconf 90' lang='lat' dir='ltr'><strong>b.</strong></span> <span class='ocrx_word' id='word_1_103' title='bbox 802 1468 824 1525; x_wconf 92' lang='lat' dir='ltr'><strong>l.</strong></span> <span class='ocrx_word' id='word_1_104' title='bbox 842 1485 876 1525; x_wconf 86' lang='lat' dir='ltr'><strong>te</strong></span> <span class='ocrx_word' id='word_1_105' title='bbox 890 1462 1040 1545; x_wconf 79' lang='lat' dir='ltr'><strong>praebet,</strong></span> <span class='ocrx_word' id='word_1_106' title='bbox 1063 1484 1167 1547; x_wconf 71' lang='lat' dir='ltr'><strong>quam</strong></span> <span class='ocrx_word' id='word_1_107' title='bbox 1185 1466 1278 1529; x_wconf 77' lang='lat' dir='ltr'><strong>aliut.</strong></span> <span class='ocrx_word' id='word_1_108' title='bbox 1312 1473 1314 1493; x_wconf 78' lang='lat'><em>²</em></span> 
     </span>
     <span class='ocr_line' id='line_1_15' title="bbox 169 1545 1168 1637; baseline -0.006 -22"><span class='ocrx_word' id='word_1_109' title='bbox 169 1550 329 1637; x_wconf 84' lang='lat' dir='ltr'><strong>Equidem</strong></span> <span class='ocrx_word' id='word_1_110' title='bbox 346 1552 450 1611; x_wconf 88' lang='lat' dir='ltr'><strong>fateor</strong></span> <span class='ocrx_word' id='word_1_111' title='bbox 464 1570 514 1609; x_wconf 87' lang='lat' dir='ltr'><strong>me</strong></span> <span class='ocrx_word' id='word_1_112' title='bbox 530 1546 612 1607; x_wconf 92' lang='lat' dir='ltr'><strong>illud</strong></span> <span class='ocrx_word' id='word_1_113' title='bbox 628 1545 795 1606; x_wconf 73' lang='lat' dir='ltr'><strong>fastidium</strong></span> <span class='ocrx_word' id='word_1_114' title='bbox 809 1568 874 1609; x_wconf 90' lang='lat' dir='ltr'><strong>non</strong></span> <span class='ocrx_word' id='word_1_115' title='bbox 887 1546 1015 1609; x_wconf 80' lang='lat' dir='ltr'><strong>contire.</strong></span> <span class='ocrx_word' id='word_1_116' title='bbox 1036 1548 1168 1615; x_wconf 76' lang='lat' dir='ltr'><strong>Leuat.</strong></span> 
     </span>
    </p>

    <p class='ocr_par' dir='ltr' id='par_1_3' title="bbox 253 1626 1244 1719">
     <span class='ocr_line' id='line_1_16' title="bbox 253 1626 1244 1719; baseline 0.005 -24"><span class='ocrx_word' id='word_1_117' title='bbox 253 1638 329 1719; x_wconf 78' lang='lat' dir='ltr'><strong>Peg.</strong></span> <span class='ocrx_word' id='word_1_118' title='bbox 345 1640 432 1705; x_wconf 61' lang='lat'><strong>721.</strong></span> <span class='ocrx_word' id='word_1_119' title='bbox 447 1642 478 1701; x_wconf 90' lang='grc'><strong>8.</strong></span> <span class='ocrx_word' id='word_1_120' title='bbox 504 1626 604 1697; x_wconf 66' lang='lat' dir='ltr'><strong>Ouidio</strong></span> <span class='ocrx_word' id='word_1_121' title='bbox 621 1633 706 1705; x_wconf 76' lang='grc' dir='ltr'><strong>δέον)</strong></span> <span class='ocrx_word' id='word_1_122' title='bbox 733 1630 806 1693; x_wconf 80' lang='lat' dir='ltr'><strong>Cum</strong></span> <span class='ocrx_word' id='word_1_123' title='bbox 820 1635 939 1693; x_wconf 83' lang='lat' dir='ltr'><strong>minime</strong></span> <span class='ocrx_word' id='word_1_124' title='bbox 952 1648 1097 1715; x_wconf 77' lang='lat' dir='ltr'><strong>oporteat.</strong></span> <span class='ocrx_word' id='word_1_125' title='bbox 1121 1634 1244 1699; x_wconf 63' lang='lat' dir='ltr'><strong>Boon.</strong></span> 
     </span>
    </p>

    <p class='ocr_par' dir='ltr' id='par_1_4' title="bbox 89 1711 1279 2131">
     <span class='ocr_line' id='line_1_17' title="bbox 253 1711 1276 1804; baseline -0.002 -23"><span class='ocrx_word' id='word_1_126' title='bbox 253 1721 332 1785; x_wconf 79' lang='lat' dir='ltr'><strong>End.</strong></span> <span class='ocrx_word' id='word_1_127' title='bbox 346 1725 367 1781; x_wconf 92' lang='lat' dir='ltr'><strong>l.</strong></span> <span class='ocrx_word' id='word_1_128' title='bbox 383 1727 415 1786; x_wconf 85' lang='lat'><strong>9.</strong></span> <span class='ocrx_word' id='word_1_129' title='bbox 441 1714 506 1783; x_wconf 76' lang='grc' dir='ltr'><strong>Οὐκ</strong></span> <span class='ocrx_word' id='word_1_130' title='bbox 526 1713 576 1783; x_wconf 76' lang='grc' dir='ltr'><strong>ἐπ’</strong></span> <span class='ocrx_word' id='word_1_131' title='bbox 596 1711 728 1804; x_wconf 75' lang='grc' dir='ltr'><strong>ἆγαθῷ)</strong></span> <span class='ocrx_word' id='word_1_132' title='bbox 749 1716 847 1777; x_wconf 83' lang='lat' dir='ltr'><strong>Haud</strong></span> <span class='ocrx_word' id='word_1_133' title='bbox 862 1722 1033 1799; x_wconf 69' lang='lat' dir='ltr'><strong>auspicato,</strong></span> <span class='ocrx_word' id='word_1_134' title='bbox 1054 1717 1144 1781; x_wconf 82' lang='lat' dir='ltr'><strong>molo</strong></span> <span class='ocrx_word' id='word_1_135' title='bbox 1167 1724 1276 1785; x_wconf 77' lang='lat' dir='ltr'><strong>omine.</strong></span> 
     </span>
     <span class='ocr_line' id='line_1_18' title="bbox 168 1801 1278 1884; baseline -0.01 -10"><span class='ocrx_word' id='word_1_136' title='bbox 168 1812 279 1875; x_wconf 75' lang='lat' dir='ltr'><strong>Biton.</strong></span> <span class='ocrx_word' id='word_1_137' title='bbox 323 1806 369 1865; x_wconf 92' lang='lat' dir='ltr'><strong>Ut</strong></span> <span class='ocrx_word' id='word_1_138' title='bbox 383 1803 538 1865; x_wconf 80' lang='lat' dir='ltr'><strong>Brodoeue</strong></span> <span class='ocrx_word' id='word_1_139' title='bbox 555 1802 667 1884; x_wconf 78' lang='lat' dir='ltr'><strong>justit,</strong></span> <span class='ocrx_word' id='word_1_140' title='bbox 690 1802 736 1862; x_wconf 91' lang='lat' dir='ltr'><strong>ita</strong></span> <span class='ocrx_word' id='word_1_141' title='bbox 750 1816 835 1862; x_wconf 87' lang='lat' dir='ltr'><strong>recte</strong></span> <span class='ocrx_word' id='word_1_142' title='bbox 859 1801 957 1862; x_wconf 88' lang='lat' dir='ltr'><strong>habet</strong></span> <span class='ocrx_word' id='word_1_143' title='bbox 970 1803 1070 1863; x_wconf 82' lang='lat' dir='ltr'><strong>Pario.</strong></span> <span class='ocrx_word' id='word_1_144' title='bbox 1085 1802 1140 1866; x_wconf 90' lang='lat' dir='ltr'><strong>ed.</strong></span> <span class='ocrx_word' id='word_1_145' title='bbox 1157 1806 1278 1869; x_wconf 79' lang='lat' dir='ltr'><strong>venio.</strong></span> 
     </span>
     <span class='ocr_line' id='line_1_19' title="bbox 89 1880 1279 1976; baseline -0.008 -23"><span class='ocrx_word' id='word_1_146' title='bbox 89 1880 95 1897; x_wconf 68' lang='lat'><strong>¹</strong></span> <span class='ocrx_word' id='word_1_147' title='bbox 169 1894 231 1959; x_wconf 86' lang='lat' dir='ltr'><strong>Sed</strong></span> <span class='ocrx_word' id='word_1_148' title='bbox 245 1887 294 1959; x_wconf 74' lang='grc' dir='ltr'><strong>ἐπ’</strong></span> <span class='ocrx_word' id='word_1_149' title='bbox 315 1886 425 1976; x_wconf 73' lang='grc' dir='ltr'><strong><em>ἀγαθῷ</em></strong></span> <span class='ocrx_word' id='word_1_150' title='bbox 446 1914 521 1964; x_wconf 81' lang='grc' dir='ltr'><strong><em>τινι,</em></strong></span> <span class='ocrx_word' id='word_1_151' title='bbox 543 1901 593 1947; x_wconf 86' lang='lat' dir='ltr'><strong>eat</strong></span> <span class='ocrx_word' id='word_1_152' title='bbox 606 1886 692 1947; x_wconf 92' lang='lat' dir='ltr'><strong>bono</strong></span> <span class='ocrx_word' id='word_1_153' title='bbox 717 1885 874 1966; x_wconf 83' lang='lat' dir='ltr'><strong>concilio,</strong></span> <span class='ocrx_word' id='word_1_154' title='bbox 897 1885 973 1951; x_wconf 70' lang='lat' dir='ltr'><strong>aad</strong></span> <span class='ocrx_word' id='word_1_155' title='bbox 987 1886 1066 1949; x_wconf 82' lang='lat' dir='ltr'><strong>boni</strong></span> <span class='ocrx_word' id='word_1_156' title='bbox 1079 1888 1126 1948; x_wconf 83' lang='lat' dir='ltr'><strong>uli</strong></span> <span class='ocrx_word' id='word_1_157' title='bbox 1154 1890 1218 1951; x_wconf 83' lang='lat' dir='ltr'><strong>uid</strong></span> <span class='ocrx_word' id='word_1_158' title='bbox 1232 1892 1279 1952; x_wconf 87' lang='lat' dir='ltr'><strong>fa.</strong></span> 
     </span>
     <span class='ocr_line' id='line_1_20' title="bbox 169 1963 1278 2121; baseline 0.002 -80"><span class='ocrx_word' id='word_1_159' title='bbox 169 1978 333 2121; x_wconf 59' lang='lat' dir='ltr'><strong>ciendurrlri</strong></span> <span class='ocrx_word' id='word_1_160' title='bbox 373 1973 530 2056; x_wconf 77' lang='lat' dir='ltr'><strong>Aristopd·</strong></span> <span class='ocrx_word' id='word_1_161' title='bbox 545 1973 593 2031; x_wconf 86' lang='lat' dir='ltr'><strong>Pl·</strong></span> <span class='ocrx_word' id='word_1_162' title='bbox 608 1977 684 2039; x_wconf 77' lang='lat'><strong>869.</strong></span> <span class='ocrx_word' id='word_1_163' title='bbox 705 1963 771 2035; x_wconf 74' lang='lat' dir='ltr'><strong>oin</strong></span> <span class='ocrx_word' id='word_1_164' title='bbox 786 1967 835 2036; x_wconf 68' lang='grc' dir='ltr'><strong>ἐπ’</strong></span> <span class='ocrx_word' id='word_1_165' title='bbox 860 1967 972 2057; x_wconf 71' lang='grc' dir='ltr'><strong><em>ἀγαθῷ</em></strong></span> <span class='ocrx_word' id='word_1_166' title='bbox 989 1968 1048 2057; x_wconf 76' lang='grc' dir='ltr'><strong>γὰρ</strong></span> <span class='ocrx_word' id='word_1_167' title='bbox 1060 1966 1182 2041; x_wconf 77' lang='lat' dir='ltr'><strong>lvouo&#39;</strong></span> <span class='ocrx_word' id='word_1_168' title='bbox 1197 1976 1278 2043; x_wconf 71' lang='lat' dir='ltr'><strong>dorla</strong></span> 
     </span>
     <span class='ocr_line' id='line_1_21' title="bbox 170 2059 1260 2131; baseline -0.017 0"><span class='ocrx_word' id='word_1_169' title='bbox 170 2059 283 2131; x_wconf 76' lang='lat' dir='ltr'><strong>edocui.</strong></span> <span class='ocrx_word' id='word_1_170' title='bbox 334 2083 425 2123; x_wconf 80' lang='lat' dir='ltr'><strong>crrz.</strong></span> <span class='ocrx_word' id='word_1_171' title='bbox 1257 2096 1260 2101; x_wconf 89' lang='lat'><em>-</em></span> 
     </span>
    </p>

    <p class='ocr_par' dir='ltr' id='par_1_5' title="bbox 168 2137 1280 2387">
     <span class='ocr_line' id='line_1_22' title="bbox 253 2137 1280 2223; baseline -0.006 -15"><span class='ocrx_word' id='word_1_172' title='bbox 253 2147 331 2210; x_wconf 83' lang='lat' dir='ltr'><strong>End.</strong></span> <span class='ocrx_word' id='word_1_173' title='bbox 348 2151 370 2206; x_wconf 94' lang='lat' dir='ltr'><strong>l.</strong></span> <span class='ocrx_word' id='word_1_174' title='bbox 385 2153 435 2211; x_wconf 82' lang='lat'><strong>17.</strong></span> <span class='ocrx_word' id='word_1_175' title='bbox 460 2139 547 2207; x_wconf 76' lang='grc' dir='ltr'><strong>Κατὰ</strong></span> <span class='ocrx_word' id='word_1_176' title='bbox 559 2138 613 2204; x_wconf 82' lang='lat' dir='ltr'><strong>cdv</strong></span> <span class='ocrx_word' id='word_1_177' title='bbox 631 2137 793 2219; x_wconf 80' lang='grc' dir='ltr'><strong>Τιθωνὸν)</strong></span> <span class='ocrx_word' id='word_1_178' title='bbox 813 2139 930 2200; x_wconf 70' lang='lat' dir='ltr'><strong>Eram.</strong></span> <span class='ocrx_word' id='word_1_179' title='bbox 946 2138 980 2199; x_wconf 90' lang='lat' dir='ltr'><strong>in</strong></span> <span class='ocrx_word' id='word_1_180' title='bbox 998 2140 1199 2223; x_wconf 80' lang='lat' dir='ltr'><strong>proverbio,</strong></span> <span class='ocrx_word' id='word_1_181' title='bbox 1224 2146 1280 2207; x_wconf 75' lang='grc' dir='ltr'><strong>Ίῐ.</strong></span> 
     </span>
     <span class='ocr_line' id='line_1_23' title="bbox 168 2220 1275 2311; baseline -0.007 -16"><span class='ocrx_word' id='word_1_182' title='bbox 168 2236 254 2296; x_wconf 83' lang='lat' dir='ltr'><strong>tboni</strong></span> <span class='ocrx_word' id='word_1_183' title='bbox 266 2246 391 2295; x_wconf 64' lang='lat' dir='ltr'><strong>ceneda.</strong></span> <span class='ocrx_word' id='word_1_184' title='bbox 407 2231 517 2289; x_wconf 84' lang='lat' dir='ltr'><strong>Bnon.</strong></span> <span class='ocrx_word' id='word_1_185' title='bbox 547 2220 652 2308; x_wconf 66' lang='grc' dir='ltr'><strong><em>’Υπὲρ</em></strong></span> <span class='ocrx_word' id='word_1_186' title='bbox 666 2221 720 2288; x_wconf 75' lang='grc' dir='ltr'><strong>τὸν</strong></span> <span class='ocrx_word' id='word_1_187' title='bbox 738 2222 879 2289; x_wconf 75' lang='grc' dir='ltr'><strong><em>Τιθωνὸν</em></strong></span> <span class='ocrx_word' id='word_1_188' title='bbox 891 2224 1054 2307; x_wconf 74' lang='grc' dir='ltr'><strong>ζῆνΒίαΠ.</strong></span> <span class='ocrx_word' id='word_1_189' title='bbox 1063 2226 1190 2295; x_wconf 89' lang='lat' dir='ltr'><strong>Mortt.</strong></span> <span class='ocrx_word' id='word_1_190' title='bbox 1200 2230 1275 2311; x_wconf 81' lang='lat' dir='ltr'><strong>VII,</strong></span> 
     </span>
     <span class='ocr_line' id='line_1_24' title="bbox 171 2310 1024 2387; baseline -0.018 -7"><span class='ocrx_word' id='word_1_191' title='bbox 171 2329 201 2387; x_wconf 88' lang='lat'><strong>1.</strong></span> <span class='ocrx_word' id='word_1_192' title='bbox 218 2318 275 2378; x_wconf 90' lang='lat' dir='ltr'><strong>ubi</strong></span> <span class='ocrx_word' id='word_1_193' title='bbox 289 2315 353 2378; x_wconf 84' lang='lat' dir='ltr'><strong>vid.</strong></span> <span class='ocrx_word' id='word_1_194' title='bbox 367 2310 583 2373; x_wconf 78' lang='lat' dir='ltr'><strong>Hemcterduaii</strong></span> <span class='ocrx_word' id='word_1_195' title='bbox 595 2313 749 2372; x_wconf 85' lang='lat' dir='ltr'><strong>notulam.</strong></span> <span class='ocrx_word' id='word_1_196' title='bbox 777 2312 894 2374; x_wconf 82' lang='lat' dir='ltr'><strong>Lurtru.</strong></span> <span class='ocrx_word' id='word_1_197' title='bbox 1021 2332 1024 2337; x_wconf 93' lang='lat'>·</span> 
     </span>
    </p>

    <p class='ocr_par' dir='ltr' id='par_1_6' title="bbox 169 2391 1275 2571">
     <span class='ocr_line' id='line_1_25' title="bbox 255 2391 1275 2484; baseline 0.006 -28"><span class='ocrx_word' id='word_1_198' title='bbox 255 2402 331 2484; x_wconf 73' lang='lat' dir='ltr'><strong>Peg.</strong></span> <span class='ocrx_word' id='word_1_199' title='bbox 347 2405 398 2465; x_wconf 83' lang='grc'><strong>73.</strong></span> <span class='ocrx_word' id='word_1_200' title='bbox 413 2402 434 2455; x_wconf 92' lang='lat' dir='ltr'><strong>l.</strong></span> <span class='ocrx_word' id='word_1_201' title='bbox 452 2405 481 2462; x_wconf 74' lang='lat'><strong>2.</strong></span> <span class='ocrx_word' id='word_1_202' title='bbox 502 2391 727 2474; x_wconf 69' lang='grc' dir='ltr'><strong>Σκεπτόμενος)</strong></span> <span class='ocrx_word' id='word_1_203' title='bbox 750 2394 873 2455; x_wconf 82' lang='lat' dir='ltr'><strong>Confer</strong></span> <span class='ocrx_word' id='word_1_204' title='bbox 887 2395 973 2455; x_wconf 86' lang='lat' dir='ltr'><strong>infra</strong></span> <span class='ocrx_word' id='word_1_205' title='bbox 987 2396 1192 2461; x_wconf 54' lang='lat' dir='ltr'><strong>Demonacte</strong></span> <span class='ocrx_word' id='word_1_206' title='bbox 1206 2398 1275 2465; x_wconf 80' lang='lat' dir='ltr'><strong>vit</strong></span> 
     </span>
     <span class='ocr_line' id='line_1_26' title="bbox 169 2477 994 2571; baseline -0.013 -20"><span class='ocrx_word' id='word_1_207' title='bbox 169 2491 196 2552; x_wconf 94' lang='grc' dir='ltr'><strong>Ι.</strong></span> <span class='ocrx_word' id='word_1_208' title='bbox 210 2486 241 2571; x_wconf 86' lang='lat'><strong>§.</strong></span> <span class='ocrx_word' id='word_1_209' title='bbox 258 2492 309 2554; x_wconf 85' lang='lat'><strong>57.</strong></span> <span class='ocrx_word' id='word_1_210' title='bbox 323 2477 497 2562; x_wconf 77' lang='grc' dir='ltr'><strong>Ἀθηναίων</strong></span> <span class='ocrx_word' id='word_1_211' title='bbox 514 2479 547 2544; x_wconf 79' lang='lat' dir='ltr'><strong>di</strong></span> <span class='ocrx_word' id='word_1_212' title='bbox 559 2481 767 2560; x_wconf 75' lang='grc' dir='ltr'><strong><em>σκεπτομένων</em></strong></span> <span class='ocrx_word' id='word_1_213' title='bbox 782 2494 842 2541; x_wconf 90' lang='lat' dir='ltr'><strong>ctc.</strong></span> <span class='ocrx_word' id='word_1_214' title='bbox 867 2480 994 2545; x_wconf 76' lang='lat' dir='ltr'><strong>Sonant.</strong></span> 
     </span>
    </p>

    <p class='ocr_par' dir='ltr' id='par_1_7' title="bbox 168 2562 1282 2824">
     <span class='ocr_line' id='line_1_27' title="bbox 254 2562 1276 2652; baseline -0.001 -20"><span class='ocrx_word' id='word_1_215' title='bbox 254 2572 328 2651; x_wconf 80' lang='lat' dir='ltr'><strong>Peg.</strong></span> <span class='ocrx_word' id='word_1_216' title='bbox 337 2574 387 2635; x_wconf 76' lang='lat'><strong>74.</strong></span> <span class='ocrx_word' id='word_1_217' title='bbox 401 2571 422 2627; x_wconf 83' lang='lat' dir='ltr'><strong>l·</strong></span> <span class='ocrx_word' id='word_1_218' title='bbox 431 2574 461 2634; x_wconf 78' lang='lat'><strong>2.</strong></span> <span class='ocrx_word' id='word_1_219' title='bbox 480 2562 652 2630; x_wconf 76' lang='grc' dir='ltr'><strong>Ἀδυνάτων</strong></span> <span class='ocrx_word' id='word_1_220' title='bbox 666 2567 756 2652; x_wconf 74' lang='grc' dir='ltr'><strong><em>ἐρᾷς)</em></strong></span> <span class='ocrx_word' id='word_1_221' title='bbox 777 2563 851 2625; x_wconf 83' lang='lat' dir='ltr'><strong>vid.</strong></span> <span class='ocrx_word' id='word_1_222' title='bbox 861 2562 945 2633; x_wconf 77' lang='lat' dir='ltr'><strong>idem</strong></span> <span class='ocrx_word' id='word_1_223' title='bbox 960 2564 1173 2647; x_wconf 76' lang='lat' dir='ltr'><strong>tuptaDeor.</strong></span> <span class='ocrx_word' id='word_1_224' title='bbox 1183 2568 1276 2631; x_wconf 81' lang='lat' dir='ltr'><strong>Ditl.</strong></span> 
     </span>
     <span class='ocr_line' id='line_1_28' title="bbox 169 2645 1282 2743; baseline 0.002 -27"><span class='ocrx_word' id='word_1_225' title='bbox 169 2656 260 2718; x_wconf 85' lang='lat' dir='ltr'><strong>VIII.</strong></span> <span class='ocrx_word' id='word_1_226' title='bbox 284 2651 422 2715; x_wconf 82' lang='lat' dir='ltr'><strong>Vulcani</strong></span> <span class='ocrx_word' id='word_1_227' title='bbox 437 2664 469 2711; x_wconf 89' lang='lat' dir='ltr'><strong>et</strong></span> <span class='ocrx_word' id='word_1_228' title='bbox 480 2651 590 2721; x_wconf 87' lang='lat' dir='ltr'><strong>Jovit,</strong></span> <span class='ocrx_word' id='word_1_229' title='bbox 614 2672 695 2712; x_wconf 85' lang='lat' dir='ltr'><strong>vert.</strong></span> <span class='ocrx_word' id='word_1_230' title='bbox 705 2656 762 2710; x_wconf 90' lang='lat' dir='ltr'><strong>ult.</strong></span> <span class='ocrx_word' id='word_1_231' title='bbox 774 2645 855 2729; x_wconf 73' lang='grc' dir='ltr'><strong><em>πλὴν</em></strong></span> <span class='ocrx_word' id='word_1_232' title='bbox 870 2647 939 2713; x_wconf 78' lang='lat' dir='ltr'><strong>olda</strong></span> <span class='ocrx_word' id='word_1_233' title='bbox 950 2648 998 2715; x_wconf 78' lang='lat' dir='ltr'><strong>det</strong></span> <span class='ocrx_word' id='word_1_234' title='bbox 1009 2646 1177 2719; x_wconf 67' lang='lat' dir='ltr'><strong>domitur</strong></span> <span class='ocrx_word' id='word_1_235' title='bbox 1191 2656 1282 2743; x_wconf 66' lang='lat' dir='ltr'><strong>doqic,</strong></span> 
     </span>
     <span class='ocr_line' id='line_1_29' title="bbox 168 2734 1260 2824; baseline -0.006 -25"><span class='ocrx_word' id='word_1_236' title='bbox 168 2740 281 2824; x_wconf 83' lang='lat' dir='ltr'><strong>ibique</strong></span> <span class='ocrx_word' id='word_1_237' title='bbox 296 2752 378 2799; x_wconf 86' lang='lat' dir='ltr'><strong>nott.</strong></span> <span class='ocrx_word' id='word_1_238' title='bbox 396 2736 543 2812; x_wconf 85' lang='lat' dir='ltr'><strong>Brodcei,</strong></span> <span class='ocrx_word' id='word_1_239' title='bbox 568 2734 689 2812; x_wconf 83' lang='lat' dir='ltr'><strong>Solani,</strong></span> <span class='ocrx_word' id='word_1_240' title='bbox 711 2735 934 2797; x_wconf 78' lang='lat' dir='ltr'><strong>Hemcterducii.</strong></span> <span class='ocrx_word' id='word_1_241' title='bbox 956 2738 1079 2797; x_wconf 74' lang='lat' dir='ltr'><strong>Rem.</strong></span> <span class='ocrx_word' id='word_1_242' title='bbox 1255 2762 1260 2775; x_wconf 89' lang='lat'><strong>·</strong></span> 
     </span>
    </p>

    <p class='ocr_par' dir='ltr' id='par_1_8' title="bbox 252 2816 1035 2901">
     <span class='ocr_line' id='line_1_30' title="bbox 252 2816 1035 2901; baseline -0.008 -15"><span class='ocrx_word' id='word_1_243' title='bbox 252 2822 331 2886; x_wconf 82' lang='lat' dir='ltr'><strong>Eud.</strong></span> <span class='ocrx_word' id='word_1_244' title='bbox 346 2826 367 2886; x_wconf 92' lang='lat' dir='ltr'><strong>I.</strong></span> <span class='ocrx_word' id='word_1_245' title='bbox 383 2830 413 2890; x_wconf 84' lang='lat'><strong>6·</strong></span> <span class='ocrx_word' id='word_1_246' title='bbox 432 2816 589 2897; x_wconf 77' lang='grc' dir='ltr'>Ἰδιῶτας)</span> <span class='ocrx_word' id='word_1_247' title='bbox 614 2820 752 2881; x_wconf 82' lang='lat' dir='ltr'><strong>Omnium</strong></span> <span class='ocrx_word' id='word_1_248' title='bbox 766 2824 897 2901; x_wconf 73' lang='lat' dir='ltr'><strong>ignaros.</strong></span> <span class='ocrx_word' id='word_1_249' title='bbox 925 2819 1035 2881; x_wconf 83' lang='lat' dir='ltr'><strong>Bnon.</strong></span> 
     </span>
    </p>

    <p class='ocr_par' dir='ltr' id='par_1_9' title="bbox 167 2900 1276 3311">
     <span class='ocr_line' id='line_1_31' title="bbox 253 2900 1275 2991; baseline -0.006 -21"><span class='ocrx_word' id='word_1_250' title='bbox 253 2908 333 2971; x_wconf 84' lang='lat' dir='ltr'><strong>End.</strong></span> <span class='ocrx_word' id='word_1_251' title='bbox 347 2912 369 2969; x_wconf 92' lang='lat' dir='ltr'><strong>l.</strong></span> <span class='ocrx_word' id='word_1_252' title='bbox 387 2915 427 2974; x_wconf 77' lang='lat'><strong>12</strong></span> <span class='ocrx_word' id='word_1_253' title='bbox 459 2909 637 2989; x_wconf 78' lang='lat' dir='ltr'><strong>Aruiqactu)</strong></span> <span class='ocrx_word' id='word_1_254' title='bbox 658 2906 713 2969; x_wconf 85' lang='lat' dir='ltr'><strong>Sic</strong></span> <span class='ocrx_word' id='word_1_255' title='bbox 735 2906 825 2968; x_wconf 89' lang='lat' dir='ltr'><strong>Dial.</strong></span> <span class='ocrx_word' id='word_1_256' title='bbox 843 2925 908 2991; x_wconf 77' lang='lat' dir='ltr'><strong>seq.</strong></span> <span class='ocrx_word' id='word_1_257' title='bbox 926 2926 994 2988; x_wconf 83' lang='lat' dir='ltr'><strong>cup.</strong></span> <span class='ocrx_word' id='word_1_258' title='bbox 1011 2912 1041 2972; x_wconf 91' lang='lat'><strong>1.</strong></span> <span class='ocrx_word' id='word_1_259' title='bbox 1061 2900 1149 2967; x_wconf 80' lang='lat' dir='ltr'><strong>mad.</strong></span> <span class='ocrx_word' id='word_1_260' title='bbox 1173 2906 1275 2975; x_wconf 81' lang='lat' dir='ltr'><strong>conf.</strong></span> 
     </span>
     <span class='ocr_line' id='line_1_32' title="bbox 168 2991 1159 3079; baseline -0.007 -25"><span class='ocrx_word' id='word_1_261' title='bbox 168 3009 201 3058; x_wconf 89' lang='lat' dir='ltr'><strong>et</strong></span> <span class='ocrx_word' id='word_1_262' title='bbox 214 2994 333 3079; x_wconf 84' lang='lat' dir='ltr'><strong>Quom.</strong></span> <span class='ocrx_word' id='word_1_263' title='bbox 349 2993 434 3057; x_wconf 83' lang='lat' dir='ltr'><strong>Hiet.</strong></span> <span class='ocrx_word' id='word_1_264' title='bbox 450 2991 581 3053; x_wconf 84' lang='lat' dir='ltr'><strong>Concor.</strong></span> <span class='ocrx_word' id='word_1_265' title='bbox 598 3012 626 3051; x_wconf 90' lang='lat' dir='ltr'><strong>c.</strong></span> <span class='ocrx_word' id='word_1_266' title='bbox 642 2996 672 3057; x_wconf 87' lang='lat'><strong>9.</strong></span> <span class='ocrx_word' id='word_1_267' title='bbox 702 2991 829 3050; x_wconf 74' lang='lat' dir='ltr'><strong>Sonant.</strong></span> <span class='ocrx_word' id='word_1_268' title='bbox 1154 3008 1159 3033; x_wconf 83' lang='lat'><strong>¹</strong></span> 
     </span>
     <span class='ocr_line' id='line_1_33' title="bbox 184 3070 1276 3163; baseline -0.008 -23"><span class='ocrx_word' id='word_1_269' title='bbox 184 3100 188 3105; x_wconf 92' lang='lat'>·</span> <span class='ocrx_word' id='word_1_270' title='bbox 253 3080 329 3160; x_wconf 77' lang='lat' dir='ltr'><strong>Peg.</strong></span> <span class='ocrx_word' id='word_1_271' title='bbox 343 3081 395 3145; x_wconf 76' lang='lat'><strong>75.</strong></span> <span class='ocrx_word' id='word_1_272' title='bbox 411 3081 431 3140; x_wconf 89' lang='lat' dir='ltr'><strong>l.</strong></span> <span class='ocrx_word' id='word_1_273' title='bbox 447 3086 477 3144; x_wconf 82' lang='grc'><strong>8.</strong></span> <span class='ocrx_word' id='word_1_274' title='bbox 491 3073 579 3161; x_wconf 76' lang='grc' dir='ltr'><strong>Ὅτῳ</strong></span> <span class='ocrx_word' id='word_1_275' title='bbox 599 3070 639 3139; x_wconf 80' lang='lat' dir='ltr'><strong>du</strong></span> <span class='ocrx_word' id='word_1_276' title='bbox 657 3072 789 3163; x_wconf 70' lang='grc' dir='ltr'><strong><em>πρώτῳ)</em></strong></span> <span class='ocrx_word' id='word_1_277' title='bbox 812 3074 863 3135; x_wconf 87' lang='lat' dir='ltr'><strong>Ita</strong></span> <span class='ocrx_word' id='word_1_278' title='bbox 881 3072 962 3137; x_wconf 81' lang='lat' dir='ltr'><strong>Met.</strong></span> <span class='ocrx_word' id='word_1_279' title='bbox 987 3074 1090 3159; x_wconf 83' lang='lat' dir='ltr'><strong>Regg.</strong></span> <span class='ocrx_word' id='word_1_280' title='bbox 1114 3082 1217 3147; x_wconf 77' lang='lat'><strong>2954.</strong></span> <span class='ocrx_word' id='word_1_281' title='bbox 1240 3092 1276 3143; x_wconf 63' lang='grc' dir='ltr'><strong>οι</strong></span> 
     </span>
     <span class='ocr_line' id='line_1_34' title="bbox 167 3155 1275 3245; baseline -0.007 -12"><span class='ocrx_word' id='word_1_282' title='bbox 167 3172 261 3233; x_wconf 77' lang='lat'><strong>3011.</strong></span> <span class='ocrx_word' id='word_1_283' title='bbox 291 3164 386 3241; x_wconf 70' lang='lat' dir='ltr'><strong>Vutg.</strong></span> <span class='ocrx_word' id='word_1_284' title='bbox 408 3158 467 3240; x_wconf 75' lang='grc' dir='ltr'><strong>ὅτῳ</strong></span> <span class='ocrx_word' id='word_1_285' title='bbox 487 3158 598 3242; x_wconf 72' lang='grc' dir='ltr'><strong><em>πρώτῳ</em></strong></span> <span class='ocrx_word' id='word_1_286' title='bbox 619 3155 668 3225; x_wconf 77' lang='lat' dir='ltr'><strong>dv.</strong></span> <span class='ocrx_word' id='word_1_287' title='bbox 689 3162 763 3222; x_wconf 73' lang='lat' dir='ltr'><strong>Bru.</strong></span> <span class='ocrx_word' id='word_1_288' title='bbox 807 3159 861 3220; x_wconf 86' lang='lat' dir='ltr'><strong>Sic</strong></span> <span class='ocrx_word' id='word_1_289' title='bbox 882 3172 915 3221; x_wconf 87' lang='lat' dir='ltr'><strong>ot</strong></span> <span class='ocrx_word' id='word_1_290' title='bbox 928 3158 1135 3223; x_wconf 68' lang='lat' dir='ltr'><strong>Sclmiedenu</strong></span> <span class='ocrx_word' id='word_1_291' title='bbox 1154 3162 1275 3245; x_wconf 83' lang='lat' dir='ltr'><strong>edidit,</strong></span> 
     </span>
     <span class='ocr_line' id='line_1_35' title="bbox 168 3245 602 3311; baseline -0.002 -2"><span class='ocrx_word' id='word_1_292' title='bbox 168 3261 319 3311; x_wconf 86' lang='lat' dir='ltr'><strong>monento</strong></span> <span class='ocrx_word' id='word_1_293' title='bbox 336 3245 451 3311; x_wconf 81' lang='lat' dir='ltr'><strong>Belino.</strong></span> <span class='ocrx_word' id='word_1_294' title='bbox 482 3246 602 3309; x_wconf 75' lang='lat' dir='ltr'><strong>Lertot.</strong></span> 
     </span>
    </p>

    <p class='ocr_par' dir='ltr' id='par_1_10' title="bbox 166 3325 1275 3755">
     <span class='ocr_line' id='line_1_36' title="bbox 254 3325 1272 3416; baseline 0.003 -24"><span class='ocrx_word' id='word_1_295' title='bbox 254 3331 332 3392; x_wconf 85' lang='lat' dir='ltr'><strong>End.</strong></span> <span class='ocrx_word' id='word_1_296' title='bbox 354 3335 377 3390; x_wconf 90' lang='lat' dir='ltr'><strong>l.</strong></span> <span class='ocrx_word' id='word_1_297' title='bbox 393 3338 424 3397; x_wconf 88' lang='lat'><strong>4.</strong></span> <span class='ocrx_word' id='word_1_298' title='bbox 454 3328 606 3416; x_wconf 77' lang='grc' dir='ltr'><strong><em>Κᾷκεῖνος</em></strong></span> <span class='ocrx_word' id='word_1_299' title='bbox 626 3327 777 3414; x_wconf 82' lang='grc' dir='ltr'><strong><em>Ἕρμαιον</em></strong></span> <span class='ocrx_word' id='word_1_300' title='bbox 798 3325 958 3410; x_wconf 77' lang='grc' dir='ltr'><strong><em>ποιήσεταί</em></strong></span> <span class='ocrx_word' id='word_1_301' title='bbox 977 3333 1029 3409; x_wconf 85' lang='grc' dir='ltr'><strong>σε)</strong></span> <span class='ocrx_word' id='word_1_302' title='bbox 1056 3330 1218 3411; x_wconf 81' lang='lat' dir='ltr'><strong>imperite</strong></span> <span class='ocrx_word' id='word_1_303' title='bbox 1236 3332 1272 3395; x_wconf 86' lang='lat' dir='ltr'><strong>in</strong></span> 
     </span>
     <span class='ocr_line' id='line_1_37' title="bbox 166 3412 1274 3515; baseline -0.003 -37"><span class='ocrx_word' id='word_1_304' title='bbox 166 3417 335 3481; x_wconf 80' lang='lat' dir='ltr'><strong>Bceileenci</strong></span> <span class='ocrx_word' id='word_1_305' title='bbox 356 3429 389 3477; x_wconf 86' lang='lat' dir='ltr'><strong>et</strong></span> <span class='ocrx_word' id='word_1_306' title='bbox 400 3416 637 3478; x_wconf 79' lang='lat' dir='ltr'><strong>Bourdelotiuna</strong></span> <span class='ocrx_word' id='word_1_307' title='bbox 657 3416 795 3476; x_wconf 89' lang='lat' dir='ltr'><strong>vertitur</strong></span> <span class='ocrx_word' id='word_1_308' title='bbox 811 3430 901 3498; x_wconf 79' lang='lat' dir='ltr'><strong>atquc</strong></span> <span class='ocrx_word' id='word_1_309' title='bbox 918 3412 972 3475; x_wconf 74' lang='lat' dir='ltr'><strong>ill:</strong></span> <span class='ocrx_word' id='word_1_310' title='bbox 990 3424 1019 3475; x_wconf 84' lang='lat' dir='ltr'><strong>tc&#39;</strong></span> <span class='ocrx_word' id='word_1_311' title='bbox 1032 3430 1141 3477; x_wconf 79' lang='lat' dir='ltr'><strong>cerium</strong></span> <span class='ocrx_word' id='word_1_312' title='bbox 1151 3418 1274 3515; x_wconf 70' lang='lat' dir='ltr'><strong>faciet,</strong></span> 
     </span>
     <span class='ocr_line' id='line_1_38' title="bbox 168 3499 1275 3584; baseline 0.004 -23"><span class='ocrx_word' id='word_1_313' title='bbox 168 3517 260 3563; x_wconf 82' lang='lat' dir='ltr'><strong>tanto</strong></span> <span class='ocrx_word' id='word_1_314' title='bbox 277 3513 413 3584; x_wconf 80' lang='lat' dir='ltr'><strong>utreque</strong></span> <span class='ocrx_word' id='word_1_315' title='bbox 429 3502 589 3583; x_wconf 85' lang='lat' dir='ltr'><strong>ineptIor,</strong></span> <span class='ocrx_word' id='word_1_316' title='bbox 613 3499 702 3582; x_wconf 91' lang='lat' dir='ltr'><strong>quod</strong></span> <span class='ocrx_word' id='word_1_317' title='bbox 716 3499 874 3562; x_wconf 74' lang='lat' dir='ltr'><strong>secundae</strong></span> <span class='ocrx_word' id='word_1_318' title='bbox 888 3500 979 3561; x_wconf 81' lang='lat' dir='ltr'><strong>vocit</strong></span> <span class='ocrx_word' id='word_1_319' title='bbox 993 3499 1129 3581; x_wconf 88' lang='lat' dir='ltr'><strong>primam</strong></span> <span class='ocrx_word' id='word_1_320' title='bbox 1139 3503 1275 3565; x_wconf 74' lang='lat' dir='ltr'><strong>litarem</strong></span> 
     </span>
     <span class='ocr_line' id='line_1_39' title="bbox 167 3582 1275 3673; baseline 0.004 -28"><span class='ocrx_word' id='word_1_321' title='bbox 167 3591 288 3667; x_wconf 86' lang='lat' dir='ltr'><strong>majora</strong></span> <span class='ocrx_word' id='word_1_322' title='bbox 311 3585 491 3646; x_wconf 86' lang='lat' dir='ltr'><strong>charactere</strong></span> <span class='ocrx_word' id='word_1_323' title='bbox 514 3584 659 3648; x_wconf 84' lang='lat' dir='ltr'><strong>efferant.</strong></span> <span class='ocrx_word' id='word_1_324' title='bbox 710 3586 823 3669; x_wconf 88' lang='lat' dir='ltr'><strong>Itaque</strong></span> <span class='ocrx_word' id='word_1_325' title='bbox 848 3582 1019 3666; x_wconf 74' lang='lat' dir='ltr'><strong>adscripsit</strong></span> <span class='ocrx_word' id='word_1_326' title='bbox 1039 3598 1148 3665; x_wconf 82' lang='lat' dir='ltr'><strong>poter,</strong></span> <span class='ocrx_word' id='word_1_327' title='bbox 1181 3602 1275 3673; x_wconf 72' lang='lat' dir='ltr'><strong>atqu</strong></span> 
     </span>
     <span class='ocr_line' id='line_1_40' title="bbox 166 3668 1099 3755; baseline -0.001 -25"><span class='ocrx_word' id='word_1_328' title='bbox 166 3670 219 3732; x_wconf 81' lang='lat' dir='ltr'><strong>ille</strong></span> <span class='ocrx_word' id='word_1_329' title='bbox 230 3670 399 3755; x_wconf 67' lang='lat' dir='ltr'><strong>lucrifaciet</strong></span> <span class='ocrx_word' id='word_1_330' title='bbox 414 3685 450 3730; x_wconf 83' lang='lat' dir='ltr'><strong>te.</strong></span> <span class='ocrx_word' id='word_1_331' title='bbox 494 3669 557 3730; x_wconf 88' lang='lat' dir='ltr'><strong>Sed</strong></span> <span class='ocrx_word' id='word_1_332' title='bbox 571 3682 605 3730; x_wconf 87' lang='lat' dir='ltr'><strong>ot</strong></span> <span class='ocrx_word' id='word_1_333' title='bbox 619 3670 761 3731; x_wconf 84' lang='lat' dir='ltr'><strong>correxit</strong></span> <span class='ocrx_word' id='word_1_334' title='bbox 779 3668 966 3731; x_wconf 68' lang='lat' dir='ltr'><strong>Benedictio.</strong></span> <span class='ocrx_word' id='word_1_335' title='bbox 989 3670 1099 3729; x_wconf 76' lang='lat' dir='ltr'><strong>onon.</strong></span> 
     </span>
    </p>

    <p class='ocr_par' dir='ltr' id='par_1_11' title="bbox 166 3751 1277 4178">
     <span class='ocr_line' id='line_1_41' title="bbox 253 3751 1277 3841; baseline 0.011 -27"><span class='ocrx_word' id='word_1_336' title='bbox 253 3755 332 3817; x_wconf 80' lang='lat' dir='ltr'><strong>ibid.</strong></span> <span class='ocrx_word' id='word_1_337' title='bbox 353 3751 525 3834; x_wconf 78' lang='grc' dir='ltr'><strong>Ἕρμαιον)</strong></span> <span class='ocrx_word' id='word_1_338' title='bbox 547 3751 622 3819; x_wconf 84' lang='lat' dir='ltr'><strong>Vid.</strong></span> <span class='ocrx_word' id='word_1_339' title='bbox 639 3775 725 3839; x_wconf 80' lang='lat' dir='ltr'><strong>enpr.</strong></span> <span class='ocrx_word' id='word_1_340' title='bbox 741 3754 850 3816; x_wconf 85' lang='lat' dir='ltr'><strong>Somu.</strong></span> <span class='ocrx_word' id='word_1_341' title='bbox 867 3773 937 3835; x_wconf 85' lang='lat' dir='ltr'><strong>cop.</strong></span> <span class='ocrx_word' id='word_1_342' title='bbox 953 3760 983 3819; x_wconf 89' lang='grc'><strong>9.</strong></span> <span class='ocrx_word' id='word_1_343' title='bbox 1003 3755 1053 3817; x_wconf 73' lang='grc' dir='ltr'><strong>καὶ</strong></span> <span class='ocrx_word' id='word_1_344' title='bbox 1065 3757 1121 3819; x_wconf 82' lang='lat' dir='ltr'><strong>toti</strong></span> <span class='ocrx_word' id='word_1_345' title='bbox 1133 3758 1277 3841; x_wconf 69' lang='lat' dir='ltr'><strong>coelato-</strong></span> 
     </span>
     <span class='ocr_line' id='line_1_42' title="bbox 166 3835 580 3920; baseline -0.007 -16"><span class='ocrx_word' id='word_1_346' title='bbox 166 3865 222 3917; x_wconf 82' lang='grc' dir='ltr'><strong>νος</strong></span> <span class='ocrx_word' id='word_1_347' title='bbox 238 3842 363 3920; x_wconf 71' lang='grc' dir='ltr'><strong><em>ἕρμαιον</em></strong></span> <span class='ocrx_word' id='word_1_348' title='bbox 377 3835 428 3902; x_wconf 79' lang='lat' dir='ltr'><strong>dv.</strong></span> <span class='ocrx_word' id='word_1_349' title='bbox 452 3841 580 3901; x_wconf 66' lang='lat' dir='ltr'><strong>Sonam</strong></span> 
     </span>
     <span class='ocr_line' id='line_1_43' title="bbox 167 3916 1272 4071; baseline -0.002 -80"><span class='ocrx_word' id='word_1_350' title='bbox 167 4010 194 4071; x_wconf 72' lang='lat' dir='ltr'><strong>B</strong></span> <span class='ocrx_word' id='word_1_351' title='bbox 251 3920 330 3985; x_wconf 67' lang='lat' dir='ltr'><strong>Eud·</strong></span> <span class='ocrx_word' id='word_1_352' title='bbox 353 3927 373 3987; x_wconf 87' lang='lat' dir='ltr'><strong>l.</strong></span> <span class='ocrx_word' id='word_1_353' title='bbox 388 3931 419 3990; x_wconf 87' lang='grc'><strong>7.</strong></span> <span class='ocrx_word' id='word_1_354' title='bbox 453 3928 621 4002; x_wconf 73' lang='grc' dir='ltr'>Φοίνικος)</span> <span class='ocrx_word' id='word_1_355' title='bbox 650 3924 739 3986; x_wconf 89' lang='lat' dir='ltr'><strong>Hinc</strong></span> <span class='ocrx_word' id='word_1_356' title='bbox 761 3920 931 4007; x_wconf 84' lang='lat' dir='ltr'><strong>adagium,</strong></span> <span class='ocrx_word' id='word_1_357' title='bbox 958 3921 1105 3984; x_wconf 80' lang='lat' dir='ltr'><strong>Phoenice</strong></span> <span class='ocrx_word' id='word_1_358' title='bbox 1123 3916 1272 3991; x_wconf 64' lang='lat' dir='ltr'><strong>comior.</strong></span> 
     </span>
     <span class='ocr_line' id='line_1_44' title="bbox 198 4022 1235 4069; baseline -0.005 -1"><span class='ocrx_word' id='word_1_359' title='bbox 198 4029 279 4069; x_wconf 82' lang='lat' dir='ltr'><strong>non.</strong></span> <span class='ocrx_word' id='word_1_360' title='bbox 461 4044 464 4051; x_wconf 93' lang='lat'>·</span> <span class='ocrx_word' id='word_1_361' title='bbox 1076 4022 1080 4031; x_wconf 91' lang='grc'><strong><em>·</em></strong></span> <span class='ocrx_word' id='word_1_362' title='bbox 1231 4028 1235 4035; x_wconf 89' lang='lat'><em>·</em></span> 
     </span>
     <span class='ocr_line' id='line_1_45' title="bbox 219 4088 1275 4178; baseline 0.004 -25"><span class='ocrx_word' id='word_1_363' title='bbox 219 4128 223 4137; x_wconf 85' lang='lat'>·</span> <span class='ocrx_word' id='word_1_364' title='bbox 254 4091 331 4153; x_wconf 83' lang='lat' dir='ltr'><strong>Eud.</strong></span> <span class='ocrx_word' id='word_1_365' title='bbox 343 4094 364 4155; x_wconf 88' lang='lat'><strong>1.</strong></span> <span class='ocrx_word' id='word_1_366' title='bbox 381 4101 429 4162; x_wconf 81' lang='lat'><strong>13.</strong></span> <span class='ocrx_word' id='word_1_367' title='bbox 452 4089 579 4178; x_wconf 71' lang='grc' dir='ltr'><strong><em>Δεήσρ)</em></strong></span> <span class='ocrx_word' id='word_1_368' title='bbox 601 4095 734 4156; x_wconf 89' lang='lat' dir='ltr'><strong>Mallem</strong></span> <span class='ocrx_word' id='word_1_369' title='bbox 750 4090 860 4176; x_wconf 72' lang='grc' dir='ltr'><strong>δεήσει.</strong></span> <span class='ocrx_word' id='word_1_370' title='bbox 882 4093 1012 4157; x_wconf 71' lang='lat' dir='ltr'><strong>socru.</strong></span> <span class='ocrx_word' id='word_1_371' title='bbox 1056 4088 1275 4157; x_wconf 79' lang='lat' dir='ltr'><strong>Emendatio·</strong></span> 
     </span>
    </p>
   </div>
   <div class='ocr_carea' id='block_1_3' title="bbox 0 0 1325 4680">
    <p class='ocr_par' dir='ltr' id='par_1_12' title="bbox 0 0 1325 4680">
     <span class='ocr_line' id='line_1_46' title="bbox 0 0 1325 4680; baseline 0 0"><span class='ocrx_word' id='word_1_372' title='bbox 0 0 1325 4680; x_wconf 95' lang='lat' dir='ltr'><strong> </strong></span> 
     </span>
    </p>
   </div>
  </div>
 </body>
</html>
