2634 4680
170 274 246 347 ffl4
439 282 1011 335 assonationes

169 435 468 521 pronuntiationem
484 445 518 494 et
532 430 721 511 scripturam
736 429 769 487 in
787 430 995 511 appellativo.
1039 424 1178 487 Deinde
1197 448 1268 491 vero

169 523 298 583 nihilne
312 539 442 602 prorsus
460 515 637 577 tribuamus
654 512 811 575 Codicum
828 528 862 575 et
874 513 1087 589 Editionum,
1112 514 1172 595 qui
1190 528 1270 575 certe

169 610 206 667 iu
222 601 395 667 Toxaridis
407 606 482 663 loco
498 599 659 661 maximus
675 612 741 675 est,
764 596 963 660 consensui?
985 598 1097 707 Mapis
1113 596 1206 659 baud
1220 595 1271 657 du·

169 693 222 753 bie
237 689 388 751 adsuetae
413 698 503 746 erant
525 682 731 745 librariorum
751 702 866 743 manus
881 681 994 744 formis
1014 678 1133 759 uulsis,
1157 678 1272 761 mltis,

171 792 205 839 et
220 770 382 835 similibus
397 770 490 845 aliis,
513 766 701 829 scribendis.
746 765 909 829 Credasne
923 768 1035 851 igitur,
1059 768 1089 827 si
1101 768 1271 829 Lucienus

170 863 241 941 ipse
259 862 389 959 ppuxaics
411 869 446 953 et
458 859 612 937 νρνχοῐνος
633 851 830 933 scripsissem
852 851 1002 913 librarios
1023 852 1122 913 facile
1142 878 1162 917 τ
1193 850 1272 919 ’νον

169 957 203 1007 at
217 964 372 1025 τραχωνος
378 954 563 1022 sumpturos
577 936 706 997 fuisse?
727 956 836 997 ennon
850 936 962 1020 potiu's
975 936 1048 999 vico
1060 956 1156 998 versa
1208 940 1270 997 De·

169 1028 271 1109 nique
285 1021 448 1121 quidquid
469 1022 529 1101 sit,
551 1020 678 1083 cautius
694 1034 780 1081 certe
797 1042 909 1105 agam,
932 1020 1070 1103 opinor,
1096 1022 1158 1105 qui
1169 1021 1269 1129 uesti-

168 1102 1008 1272 lllsslllllll‘ll'illinitum,
1020 1126 1269 1271 {tntilli

168 1301 236 1340 xar.
251 1283 273 1343 1.
287 1283 309 1343 l.
322 1272 478 1359 τράχωνος
491 1275 545 1337 edi
560 1273 736 1349 curaverit,
759 1273 792 1333 b.
807 1277 829 1335 1.
848 1273 925 1335 satis
937 1274 1165 1337 inconstanter
1180 1289 1216 1337 et
1230 1274 1270 1337 ci-

169 1379 218 1426 tte
232 1362 388 1425 librorum
403 1358 497 1421 fidem
510 1356 600 1419 dedit
614 1364 751 1440 τρνχοῖοι.
773 1360 893 1420 Lnnnt.

253 1446 365 1509 Eodl.
379 1452 410 1512 8.
437 1437 536 1522 olel)
564 1440 725 1525 Negativa
742 1442 882 1525 simplex
903 1462 962 1523 pro
987 1440 1133 1527 duplici,
1158 1456 1198 1503 ut
1218 1465 1269 1504 sn-

169 1554 226 1616 pra
245 1540 274 1599 1.
294 1532 369 1593 Ver.
384 1527 471 1590 illst.
489 1549 516 1589 ο.
533 1531 584 1595 24.
609 1530 731 1609 ἔντερον
750 1527 783 1593 di
800 1530 834 1593 iv
850 1521 945 1613 αὐτῇ,
968 1523 1042 1593 olel
1054 1518 1141 1611 simp
1161 1530 1269 1609 petve-

168 1644 219 1681 ναι
260 1615 355 1676 Alius
370 1612 496 1697 generis
519 1612 647 1694 ellipses
661 1612 832 1711 negativae
847 1610 1025 1695 particulae
1042 1610 1113 1675 vid.
1130 1611 1221 1691 apud
1231 1612 1266 1677 L

168 1702 235 1763 Bos
249 1720 322 1783 ρος.
336 1708 397 1767 881
411 1728 454 1745 -
467 1704 497 1765 2
519 1699 641 1759 lintre.
686 1695 761 1759 Srve
774 1717 846 1781 pag.
864 1702 939 1764 777.
954 1694 1016 1759 Ed.
1035 1696 1196 1785 Schoqser.
1225 1696 1270 1759 Si·

170 1787 257 1846 milis
270 1788 363 1845 locus
378 1797 426 1845 est
436 1781 565 1848 Saturn.
581 1802 610 1848 ο.
624 1789 667 1861 2.,
684 1778 723 1841 do
740 1802 805 1867 quo
821 1797 926 1843 tamen
939 1802 998 1841 sno
1015 1795 1174 1864 ternpore.
1196 1780 1269 1843 Orn-

168 1870 250 1931 nino
265 1882 386 1929 certum
407 1880 474 1943 est,
497 1870 617 1927 nullam
638 1866 742 1927 fuisse
763 1886 924 1939 caussam,
948 1864 991 1927 ob
1014 1886 1111 1949 quam
1128 1864 1270 1929 Subtab-

169 1953 257 2015 cleras
272 1952 304 2018 b.
320 1956 344 2013 l.
359 1951 531 2013 lectionem
551 1952 679 2034 δένδρον
699 1952 733 2015 el
751 1946 857 2027 οὐδὲν,
879 1946 949 2015 olel
963 1962 1025 2011 etc.
1045 1968 1142 2033 qnam
1164 1948 1269 2015 Codd.

170 2039 261 2098 Gorl.
284 2050 318 2098 et
339 2034 454 2099 Pariss.
474 2035 608 2096 nonnisi
637 2035 851 2117 explicationi
873 2034 1081 2097 Grammatiui
1102 2035 1269 2119 enjusdam

171 2121 306 2200 debent,
328 2121 364 2180 in
380 2133 504 2181 textum
515 2119 680 2202 receperit.
711 2120 832 2182 Lemo.
1009 2124 1021 2147 ‘

253 2206 328 2288 Peg.
343 2213 418 2273 803.
436 2207 501 2271 19.
523 2202 586 2268 Atei
604 2200 746 2279 πάντων)
773 2206 893 2265 Forsan
914 2203 966 2271 daci
987 2200 1111 2283 παντός.
1140 2206 1266 2271 Socer.

169 2290 288 2353 Minus
310 2290 343 2351 h.
366 2294 388 2359 1,
410 2292 535 2370 placcat
554 2285 606 2353 dcci
624 2289 753 2363 παντὸς.
784 2289 859 2373 quia
882 2289 1082 2376 ambiguous
1114 2304 1167 2353 est
1184 2292 1284 2355 enim.

170 2378 238 2435 fere
262 2375 402 2435 formula
423 2372 593 2453 temporis,
615 2372 803 2456 significans
824 2400 941 2457 seraper.
985 2374 1048 2440 Asai
1068 2374 1197 2443 utinm
1215 2396 1268 2437 eu·

170 2476 233 2521 tem
250 2473 298 2519 est
311 2458 445 2533 omnino,
467 2480 488 2516 a
499 2458 647 2540 principio
660 2482 751 2541 sasque
763 2457 805 2517 ad
811 2462 917 2543 fineen.
938 2458 1059 2525 Lanu.

254 2542 334 2604 Eae.
353 2546 441 2608 1.11.
466 2539 607 2617 Πολλοῦς
628 2541 662 2607 di
681 2545 753 2622 aul)
776 2541 941 2604 Deficiunt
960 2544 996 2604 in
1010 2542 1097 2607 Edd.
1111 2546 1166 2611 sul
1178 2564 1267 2607 revo-

168 2627 313 2691 cavimus
332 2648 373 2689 ex
385 2626 470 2694 Mas.
483 2627 585 2771 Regp·
601 2631 696 2695 2954.
711 2641 744 2689 et
758 2635 853 2696 3011.
873 2626 1030 2692 suadente
1045 2628 1165 2723 belino.
1197 2630 1268 2691 Bra.

167 2712 352 2775 Revocavit
379 2724 413 2774 et
433 2710 552 2775 Sabmie
575 2755 583 2771 .
626 2715 672 2773 Et
690 2726 802 2793 postea
828 2712 962 2777 sumsit
986 2712 1083 2777 οοὶιω
1106 2712 1267 2777 Codicum

169 2802 260 2863 Gorl.
276 2811 310 2859 et
324 2798 408 2881 Aug.
426 2796 659 2859 testimonium.
680 2796 799 2856 Lanu.
1095 2872 1101 2879 ι

252 2881 452 2964 Pag.304.1.
469 2890 497 2948 1.
518 2879 601 2958 Αἷς)
629 2881 787 2963 Quamvis
806 2882 886 2943 ferri
907 2883 1012 2967 possit
1025 2888 1195 2969 vulgatum
1211 2880 1267 2961 uir.

167 2966 379 3051 praeferenda
392 2980 497 3028 tamen
514 2964 683 3028 videbatur
700 2964 859 3029 Codicum
873 2966 971 3029 modo
985 2966 1192 3031 laudatorum
1206 2972 1268 3031 lec-

168 3052 219 3113 tio
235 3048 290 3125 οἷς.
314 3052 390 3113 Bra.
431 3050 509 3111 Nun
524 3050 602 3112 ferri
616 3064 725 3132 potest
737 3046 792 3130 οἷς,
807 3052 836 3111 si
848 3055 973 3135 legetur
982 3050 1037 3127 saie
1049 3056 1160 3129 aiche,
1174 3051 1267 3137 qnid·

169 3134 251 3217 quid
267 3134 381 3195 doceat
396 3134 533 3211 Bellona,
558 3135 614 3218 qui
629 3132 676 3209 οἷς
689 3134 727 3193 sd
741 3138 830 3219 βίους
840 3135 953 3197 referri
970 3157 1066 3221 posse
1080 3136 1267 3201 somniavit.

168 3220 242 3279 Imo
266 3219 294 3277 si
316 3223 411 3279 semel
432 3220 552 3303 legitur
569 3222 679 3295 αἰτίας,
703 3220 882 3282 necessario
900 3220 996 3282 etiam
1011 3218 1063 3299 uic
1073 3236 1144 3285 erat
1156 3220 1268 3285 retai-

165 3300 324 3379 bendnm,
355 3303 443 3384 qnod
464 3303 592 3366 tandem
616 3305 713 3364 etiam
734 3303 857 3367 Beliaus
875 3307 1045 3387 praetulit;
1073 3327 1179 3391 eaque
1199 3326 1267 3369 cor-

165 3388 269 3450 rectio
293 3400 386 3448 tanto
408 3385 444 3448 lit
463 3388 657 3468 speciosior,
681 3408 780 3470 quum
801 3405 928 3471 praeter
945 3390 1144 3455 Parisiensss
1159 3388 1265 3455 Geel.

166 3472 262 3535 etism
271 3471 479 3533 Gorlitiensis
495 3487 528 3532 et
539 3473 722 3557 Augustani
738 3473 925 3537 testimonio
940 3497 1009 3537 com
1034 3476 1145 3538 tobati
1157 3474 1268 3537 videa.

166 3572 230 3620 tur.
275 3556 320 3617 At
341 3553 513 3619 difficulter
533 3556 615 3619 mibi
638 3556 832 3640 persuadeo,
866 3572 931 3620 tam
953 3498 1082 3649 foedam
1103 3558 1268 3645 stribligi-

165 3661 254 3716 nem,
283 3637 338 3716 τοὶς
362 3643 475 3717 αἰτίαν,
504 3634 558 3723 ἐφ’
587 3639 649 3717 οἷς,
680 3656 797 3705 temere
823 3664 882 3725 per
900 3660 952 3706 tot
981 3644 1065 3707 Edd.
1093 3644 1266 3729 propagari

164 3725 329 3805 potuisse,
363 3725 427 3785 nisi
462 3725 557 3787 aliam
594 3727 723 3788 subesse
755 3728 910 3810 conjicias
947 3730 1122 3793 lectionem
1147 3726 1266 3817 genui-

165 3831 250 3870 nam.
289 3812 397 3893 Auget
411 3811 506 3871 etiem
524 3811 741 3893 suspicionem
755 3812 908 3876 lectionis
922 3814 1059 3879 varietas
1074 3814 1111 3877 in
1126 3834 1207 3877 voce
1218 3816 1269 3882 ui·

166 3897 231 3968 οίοις
244 3894 330 3973 ipsa,
346 3916 428 3976 quae
447 3917 514 3955 non
532 3899 635 3956 solum
647 3899 745 3973 αἰτίοις
757 3913 851 3959 sonat
868 3896 902 3959 in
917 3900 955 3959 A.
968 3908 999 3969 2.
1015 3898 1184 3961 sedetiam
1198 3921 1268 3963 mu·

166 3991 233 4069 tete
255 3978 289 4039 in
307 3980 389 4063 Aug.
408 3980 527 4061 legitur
548 3982 583 4040 iu
600 3976 756 4066 ἁμαρτίας.
803 3982 892 4066 Quid
915 3982 1042 4045 multu?
1073 3982 1192 4067 Neque
1213 3980 1288 4061 οὖς.

167 4066 327 4146 «suprius,
352 4084 455 4147 neque
478 4063 531 4141 τοὶς
553 4070 665 4145 αἰτίας,
696 4069 764 4150 ipse
785 4068 939 4132 Lucienus
962 4068 1110 4153 scripsit,
1133 4064 1191 4133 sed
1212 4067 1271 4135 de·
