2634 4680
299 285 365 331 ru
416 274 902 328 nunnonruntr.
980 268 983 275 ’
1076 264 1154 338 478

140 430 220 493 End.
234 434 256 493 1.
275 433 306 499 5.
333 425 392 493 Tin
407 421 525 507 sisinn)
549 422 681 500 cuam,
706 438 738 485 nt
758 422 922 508 maiolum
939 425 1021 488 tiam
1042 454 1081 492 no
1096 429 1155 491 ‹is—

55 533 183 600 poneret.
207 517 315 577 Bnon.
359 510 420 574 Sed
442 508 535 588 vide,
567 529 791 592 quamparum
807 525 893 573 recte
907 509 1155 594 siipvneribat3

60 623 119 684 pro
136 599 241 664 κάδον.
264 601 387 661 Retro.
875 644 879 651 ,
903 614 919 653 ,·
949 606 966 649 ,·

145 683 223 747 lunt.
249 680 308 747 Τὸν
323 679 433 754 κάδον)
454 678 580 740 Mirum
596 691 660 756 est,
685 675 830 738 ineditis
847 683 877 741 le
898 672 971 746 ἰδίη
984 677 1079 748 αὐτοῦ
1091 679 1158 748 διώ.

61 775 147 852 βετο,
169 763 230 832 sinti
244 767 359 831 κόλπου
370 768 584 844 ἐκκομίζοντος
594 759 647 826 tiu
659 761 766 843 κᾶδηυ.
811 700 900 845 Quis
913 781 961 826 est
972 765 1077 848 κάδης,
1100 783 1169 847 σοι,

59 854 115 912 ubi
132 851 321 911 invenitur?
344 855 405 932 leg.
421 848 532 922 κάδον,
555 847 700 923 honest,
729 850 791 908 vini
814 847 922 909 cadum
937 854 968 911 in
990 855 1058 913 sinu
1078 855 1159 938 ffe-

59 940 159 997 rentis.
202 936 294 1019 Quae
307 956 384 995 mox
402 931 494 992 addit
508 931 547 993 de
563 929 757 1006 crocodilis,
779 946 816 992 et
833 933 1003 1008 cornibus,
1027 937 1160 996 iutelli-

58 1021 162 1104 genda
185 1035 262 1080 sunt
288 1018 327 1080 do
363 1017 560 1100 syllogismis
583 1015 783 1091 Stoicorum,
827 1035 908 1097 quos
930 1020 977 1080 tio
1003 1021 1161 1081 nomina-

58 1105 148 1166 bant.
196 1101 276 1165 Vide
290 1104 436 1185 superius
454 1103 488 1159 in
505 1099 573 1161 Vit.
590 1100 685 1159 Λυσι.
703 1099 751 1183 (n.
767 1099 837 1182 22)
855 1098 976 1185 Pagina
989 1124 1057 1184 seq.
1075 1100 1159 1187 ὁφι.

60 1188 196 1268 λόσοφος
214 1185 271 1268 ὅσοι
286 1191 353 1252 οἵου
369 1178 531 1263 ἀπόκρισιν
549 1180 749 1263 ἀπεκρίνατο,
773 1175 798 1248 ni
808 1180 985 1265 Ἑρμότιμε,
1007 1183 1049 1262 ὥς
1067 1210 1159 1273 προσ·

59 1272 197 1357 βυτικήν.
240 1272 403 1333 Vertitur:
425 1269 507 1345 vicie,
530 1268 780 1344 miHermotime,
805 1270 971 1353 cujusmodi
980 1296 1159 1355 responsum,

58 1383 147 1442 quam
164 1381 229 1418 sene
243 1355 364 1438 dignum
375 1353 568 1437 philosophus
582 1352 634 1414 ille
650 1352 818 1418 reddiderit.
840 1356 944 1437 Atqui
958 1356 1161 1440 πρεσβυτικὸν

59 1463 247 1522 responsum
265 1455 313 1501 est
333 1439 412 1501 anile
426 1461 609 1521 responsum,
632 1451 669 1497 nt
685 1452 775 1519 patet
790 1460 829 1499 ex
847 1440 1072 1521 sequentibust
1094 1443 1162 1508 inti

58 1529 110 1589 καὶ
129 1530 163 1590 αἱ
172 1529 272 1590 τίτθαι
293 1521 394 1589 τοιάδε
415 1525 533 1607 λέγουσι
553 1524 695 1603 περὶτῶν
715 1526 845 1587 παιδίοιν
861 1520 901 1599 ὥς
918 1521 1040 1590 ἀπιτέον
1056 1523 1160 1603 αὐτοῖς

60 1614 92 1685 ἐς
112 1608 308 1675 διδασκάλου·
329 1605 454 1691 καὶγὰρ
472 1602 510 1670 ἂν
533 1608 655 1688 μηδέπω
678 1616 788 1686 μαθεῖν
810 1602 932 1693 sipontin
944 1636 972 1674 ιι
991 1608 1139 1675 δύνωνται
1145 1612 1159 1686 ,’

61 1690 129 1760 itt'
147 1689 204 1761 οὖν
221 1701 342 1775 φαῦλον
358 1688 447 1758 οὐδὲν
466 1688 651 1772 ποιήσουσιν
665 1694 726 1755 ἐκεῖ
737 1694 891 1768 μένοντος·
912 1694 1055 1777 siquidem
1071 1699 1160 1757 etiam
1200 1742 1205 1765 .

59 1785 144 1841 nviue
160 1779 235 1841 talin
252 1779 288 1838 de
299 1781 397 1861 pueris
411 1776 513 1837 dicunt
520 1819 530 1850 ,
553 1779 689 1836 nimirum
705 1775 747 1835 ad
762 1780 934 1858 magistrum
946 1778 1009 1839 illis
1021 1780 1158 1858 eundum,
1179 1846 1183 1855 ¹

61 1890 133 1924 nam
146 1864 214 1926 licet
232 1864 301 1924 boni
316 1860 394 1922 nihil
404 1863 518 1941 possint
535 1858 659 1935 sincere,
684 1859 760 1920 nihil
770 1861 846 1922 moli
858 1878 954 1922 tomen
970 1869 1159 1940 committent,

64 1948 135 2008 rium
149 1949 192 2008 ibi
205 1945 371 2007 manebunt.
396 1946 530 2004 Gnsnv.
573 1945 698 2005 Mirum
712 1945 811 2020 ost,in
825 1945 974 2006 omnibus
988 1948 1160 2027 impressis,

65 2032 93 2091 si
107 2055 126 2093 a
142 2033 167 2092 F
169 2036 189 2095 l.
204 2045 237 2093 et
252 2031 281 2095 J.
295 2029 404 2105 abeas,
428 2024 525 2110 κάδην
539 2027 594 2089 hic
608 2029 683 2110 legi.
712 2028 768 2089 W.
780 2043 865 2090 recte
879 2027 985 2095 κάδον.
1008 2033 1137 2095 Sonant.

149 2147 229 2211 thid.
242 2143 352 2231 Ἕχοι)
373 2145 586 2228 Antiquiores
609 2143 690 2208 Edd.
715 2161 747 2207 et
768 2148 838 2228 ipse
857 2149 907 2208 Μ.
929 2150 998 2229 ἔχει.
1022 2148 1061 2211 Β.
1079 2154 1110 2216 2.
1129 2162 1164 2210 et

64 2238 135 2297 Par.
151 2235 201 2316 ἔχῃ
218 2236 342 2295 melius.
367 2231 399 2293 S.
416 2244 448 2292 et
464 2232 502 2292 A.
520 2231 639 2291 rectius
654 2232 724 2312 ἔχοι.
748 2232 873 2292 Sorax.
918 2234 983 2294 Vix
1004 2233 1164 2317 obseque-

62 2342 113 2383 rer
130 2318 324 2381 Snlmnn'ensi
340 2318 419 2391 soli,
443 2315 504 2374 uisi
525 2335 574 2375 res
598 2317 643 2374 ita
665 2317 833 2377 manifesta
858 2317 958 2394 foret,
990 2332 1027 2377 ut
1051 2321 1163 2401 paullo

62 2426 157 2487 snpra
171 2403 205 2461 in
223 2406 316 2487 ἔφυγε
337 2423 396 2482 pro
416 2401 538 2484 ἔφυγον.
581 2398 694 2460 sedeo
711 2401 801 2482 ipso,
832 2396 920 2484 quod
941 2404 990 2465 M.
1005 2423 1072 2482 non
1093 2406 1161 2491 ἔχῃ,

62 2491 117 2549 sed
132 2491 188 2569 ἔχει
201 2486 318 2562 habet,
343 2485 490 2568 adparet,
515 2505 586 2545 eum
608 2486 625 2547 ἔ
639 2508 669 2547 οι
684 2484 757 2546 dare
773 2486 932 2560 voluisse3
956 2484 1031 2547 ideo
1048 2492 1167 2573 vulga-'

63 2588 132 2632 tum
147 2575 196 2654 ἔχῃ
211 2591 339 2632 securus
354 2569 444 2650 ejeci.
467 2570 593 2629 Rnrrz.
630 2575 691 2654 Εχῃ
703 2567 823 2629 habent
838 2570 933 2631 etiam
950 2568 1053 2631 codd.
1067 2578 1163 2641 2954.

65 2665 160 2724 3011.
176 2669 209 2715 et
224 2653 284 2717 Ed.
300 2656 338 2715 B.
358 2663 389 2720 3.
406 2651 603 2713 variationis
621 2651 718 2733 hujus
735 2674 845 2712 caussa
870 2652 1050 2739 quaerendo
1071 2670 1105 2716 et
1128 2656 1170 2720 h.

64 2746 88 2801 l.
105 2740 138 2797 iu
165 2739 259 2796 istius
277 2736 347 2796 aevi
367 2734 633 2816 pronuntiatione
655 2736 873 2817 literarumsb
895 2764 925 2803 ot
941 2754 974 2800 et
986 2763 1030 2817 ει,
1054 2742 1167 2801 ιη’ωζ
1251 2802 1255 2811 Ι

66 2846 124 2907 pra
142 2845 170 2885 o.
183 2829 235 2890 78.
258 2817 482 2924 ..poppa-untur
503 2817 686 2897 legebatur,
710 2835 743 2880 et
762 2846 869 2896 -οις,
892 2836 924 2884 et
934 2840 1022 2908 ι-ῃς.
1064 2822 1167 2887 Belius·

68 2911 284 2987 conjecturam
304 2930 345 2978 οις
365 2899 411 2967 ἂν
432 2905 493 2983 ἔχοι
508 2901 606 2963 nihili
622 2923 706 2980 esse,
728 2924 796 2964 non
813 2926 893 2988 opus
910 2921 974 2984 est,
998 2920 1036 2966 ut
1058 2904 1166 2969 denuo

67 2991 311 3050 demonstretur.
335 2989 454 3051 Lnrrst.
1176 3004 1182 3017 '

154 3072 231 3134 Eud.
245 3076 267 3132 l.
282 3081 332 3139 11.
358 3066 400 3134 ‘0
421 3067 644 3156 Κροκόδιιλος)
681 3073 755 3133 Hoc
776 3087 849 3135 ante
882 3074 1078 3157 explicatum
1101 3087 1167 3157 est,

70 3172 166 3239 atque
189 3158 285 3217 etium
309 3156 461 3220 illudunt
489 3157 599 3239 κέρατα
620 3153 763 3235 ἀναφύει.
793 3159 902 3220 Bnon.
948 3159 1028 3221 vid.
1053 3180 1168 3241 supra,

70 3244 161 3303 Dial.
182 3242 284 3302 Mort.
303 3242 330 3305 I.
356 3262 422 3302 non
446 3241 490 3300 ita
511 3245 609 3323 longe
633 3241 670 3302 ab
686 3242 802 3321 initio,
826 3258 858 3304 et
874 3242 940 3304 Vit.
957 3244 1049 3304 Λυσι.
1069 3266 1096 3304 c.
1114 3252 1168 3311 22.

70 3330 198 3393 δοσιν,
241 3323 356 3386 Studio
373 3325 514 3407 expressi
525 3324 735 3388 Brodnennum
750 3322 766 3391 ὅ
779 3349 838 3412 pro
854 3323 912 3407 ὦς,
936 3328 998 3390 etsi
1012 3328 1170 3403 festinam,

69 3413 112 3471 tis
132 3411 363 3472 aberrationem
381 3408 484 3472 credo.
506 3410 630 3473 Rnrrz.

156 3496 232 3577 Png.
252 3500 358 3561 1141.
378 3503 406 3560 1.
432 3496 571 3578 Κέροπυ)
593 3494 667 3556 Viti.
683 3495 797 3556 iterum
816 3517 909 3579 snpra
927 3493 1169 3560 Dial.mort.1.

72 3578 202 3641 Sonant.
245 3580 351 3653 Immo¹
367 3594 398 3640 et
414 3599 508 3658 saepe
530 3577 609 3638 alibi
629 3578 667 3640 de
689 3578 751 3639 hoc
770 3583 952 3664 syllogismi
968 3576 1173 3640 fraudulenti

75 3663 359 3747 cognominatione
376 3661 576 3740 dictumest,
597 3676 634 3721 ut
649 3663 683 3722 in
699 3663 765 3723 vit.
781 3678 865 3726 auct.
880 3679 938 3730 etc.
960 3665 1085 3723 Rnrrz.
1177 3658 1184 3669 ⁴

157 3765 234 3825 End.
249 3770 271 3826 1.
286 3773 316 3832 8.
340 3760 579 3845 Ἐπιβυσάμενος
600 3760 638 3824 τὰ
659 3755 739 3841 ὦτα)
774 3763 821 3823 Ne
844 3765 918 3848 quid
939 3763 1060 3839 υιιιῖίσι,
1088 3761 1171 3851 quoti

74 3870 137 3909 eum
145 3895 154 3927 ‚
176 3850 247 3912 haec
260 3847 342 3934 apuci
355 3873 384 3909 se
399 3848 603 3918 nieditantem,
626 3848 719 3906 turbet
734 3864 822 3931 atqroe
837 3849 1006 3935 interpellet.
1029 3848 1139 3915 Bnon.

160 3964 239 4027 leid.
271 3963 394 4047 Αὐτὸν)
422 3965 536 4025 Malim
560 3959 670 4040 οὖσὸν,
698 3963 869 4047 adspirate.
890 3969 1017 4031 Rnnnn.
1057 3967 1172 4029 Tacito
1222 3948 1225 3961 Ι

77 4048 247 4117 obsecutus
264 4067 312 4111 est
327 4050 548 4126 &insucto-ro,
571 4047 626 4111 sed
645 4063 771 4116 temere.
818 4051 901 4115 Vidn
921 4050 1018 4115 modo
1035 4048 1077 4115 ad
1096 4073 1125 4115 ο.
1137 4059 1170 4123 ὅ.
