2634 4680
142 274 219 346 704
414 276 985 325 arruorarronus

145 440 240 513 decu,
263 432 468 501 fucultatem,
500 422 846 505 opportunitatemque
868 422 1065 485 referantur:
1104 420 1168 485 secl
1190 444 1260 487 me-

147 523 270 587 moriae
282 512 440 587 coulisus,
463 523 500 569 ut
514 508 568 586 fit,
592 506 731 567 scribere
744 507 884 591 neglexi.
912 508 1017 569 (ἕσσα.

235 600 312 667 Euri.
327 602 350 659 l.
362 606 392 665 8·
411 588 556 669 Ἦσσαν)
578 589 666 674 Quia
683 591 794 672 probis
809 590 914 652 Codrl.
926 592 1064 667 nititur,
1088 606 1122 653 et
1141 590 1259 653 bellam

148 682 457 779 argumentationem
477 674 594 751 efficit,
616 676 743 757 recepi,
766 692 799 736 et
817 696 878 757 pro
900 699 996 738 nonne
1014 710 1060 725 -
1081 676 1262 759 aequalem,-

149 778 299 842 nonenim
315 770 457 828 minorem
463 812 473 841 ,
489 763 524 822 in
538 759 687 823 versione
702 760 851 839 reposui,
865 775 903 819 ut
918 780 1013 843 quam
1026 760 1169 821 minimo
1184 764 1262 821 mul-

150 880 185 927 ta
201 864 236 921 in
260 854 381 917 Gesneri
393 846 660 930 interpretatione
679 860 851 917 mutarem,
876 865 961 925 quse
975 844 1015 906 etl
1033 850 1209 927 vulgatam
1229 840 1262 909 oti

150 946 208 1035 γὰρ
229 974 273 991 -
294 942 362 1003 icor
386 931 583 1014 composita,
612 930 659 988 εἰσ
683 927 836 989 habebam
865 954 961 989 nonne
987 933 1067 991 enim
1086 928 1190 991 uoluit
1208 931 1262 1013 ipsi

143 1032 239 1121 sacto
257 1020 410 1107 oeprrolem
433 1040 492 1078 esse
508 1012 727 1097 suppeditatum
748 1012 870 1095 plenum
883 1013 1029 1099 faciendi
1043 1012 1262 1101 facultatem?

154 1116 261 1199 Quam
283 1107 462 1168 versionem
486 1112 523 1159 ut
547 1119 614 1158 uon
634 1098 768 1179 rejicio,
796 1099 844 1157 sic
865 1112 972 1157 tamen
997 1098 1080 1159 illud
1100 1088 1207 1183 ἧσσαν
1225 1118 1259 1160 cs

154 1196 333 1284 planiorem
351 1208 479 1249 sensum
501 1182 655 1244 exhibere
676 1181 845 1257 existimo,
868 1202 935 1263 quo
959 1184 1029 1264 ipse
1046 1184 1097 1244 sic
1117 1198 1170 1243 est
1184 1182 1263 1245 aior-

155 1281 292 1367 plicior,
316 1274 344 1335 si
363 1272 433 1332 sino
454 1265 711 1351 interrogatione
730 1265 892 1347 procedat.
936 1266 997 1328 Est
1022 1270 1111 1327 enim
1131 1287 1262 1331 sensus:

156 1370 229 1430 Lex
242 1386 302 1425 non
322 1362 419 1418 minus
438 1354 555 1437 respicit
577 1350 747 1427 consilium,
772 1374 861 1433 quam
875 1354 970 1433 ipsum
982 1350 1123 1438 factum.
1159 1348 1264 1417 ’Ἀδεια

157 1453 243 1515 enim
268 1441 464 1505 temerariam
488 1451 585 1517 atque
606 1434 758 1497 audacem
779 1435 981 1497 molitionem
1006 1435 1061 1497 llic
1077 1436 1264 1519 siguificare

158 1534 306 1603 videtur,
337 1547 452 1608 quare,
478 1523 505 1582 εἰ
526 1522 655 1596 liceret,
680 1519 789 1580 omnia
813 1522 860 1579 εἰσ
883 1518 1064 1583 redderemr
1096 1522 1171 1583 Non
1191 1524 1266 1583 euim

159 1618 254 1683 voluit
268 1612 367 1698 (lex)
381 1610 475 1697 sacto
488 1612 552 1690 ipso
567 1604 658 1667 levius
678 1608 788 1667 censeri
802 1603 912 1667 curiose
926 1604 1089 1667 consilium
1097 1652 1108 1683 ,
1133 1610 1189 1669 vel
1206 1628 1267 1690 pu·

160 1706 246 1773 tius,
269 1714 408 1761 conatum
423 1693 534 1769 istius,
559 1691 616 1773 qui
637 1711 675 1752 eo
692 1690 815 1750 minore
836 1712 909 1749 cum
930 1710 1055 1770 poenae
1069 1704 1160 1753 meto
1183 1691 1267 1775 agir,

162 1786 252 1871 quorl
268 1784 369 1844 tutius
382 1802 437 1861 per
451 1778 566 1852 alium,
592 1796 688 1857 quam
705 1795 760 1853 per
772 1794 806 1834 se
821 1772 948 1835 caedem
962 1774 1103 1855 perlicit.
1147 1776 1269 1837 Verum

163 1888 196 1937 et
214 1884 301 1932 recte
320 1867 483 1940 licentiam,
506 1863 575 1923 sive
592 1875 765 1943 potestatem
784 1858 907 1940 agendi,
932 1880 1026 1941 quam
1048 1860 1143 1923 alteri
1166 1860 1266 1937 facio,

166 1972 289 2030 vertas,
325 1955 415 2033 cujus
441 1944 641 2031 significatus
673 1947 819 2023 exempla
848 1943 989 2027 Stephon.
1006 1944 1042 2005 iu
1068 1944 1169 2008 Thes.
1189 1946 1269 2007 licet

165 2039 254 2103 baud
278 2036 375 2097 nimis
400 2047 562 2107 accurate,
585 2029 728 2099 notavit;
760 2026 899 2109 ideoque
921 2028 982 2089 hac
1003 2030 1039 2089 in
1068 2045 1161 2111 parte
1183 2030 1270 2091 nihil

168 2123 298 2211 quidem
310 2120 435 2182 Ger-nero
450 2114 618 2192 adversor,
641 2114 737 2175 modo
754 2134 789 2173 ee
806 2113 924 2197 agendi
940 2115 1077 2175 facultas
1093 2136 1154 2195 per
1166 2114 1272 2181 ἄδειαν

169 2210 389 2291 intelligatur,
413 2200 493 2285 quae
509 2201 604 2259 simul
619 2198 820 2259 securitatem
838 2197 997 2280 quandam
1015 2213 1072 2259 sut
1086 2200 1271 2283 impunita-

168 2312 233 2357 tem
255 2290 425 2375 promittit.
469 2285 551 2345 Nem
572 2298 604 2345 et
621 2298 707 2343 recte
728 2282 790 2343 hoc
810 2282 932 2367 Joreplt
950 2282 990 2347 dc
1011 2286 1094 2347 Bell.
1118 2286 1198 2349 Jud.
1213 2286 1267 2347 Il.

170 2402 198 2441 c.
208 2386 238 2445 7.
256 2378 284 2461 ξ.
294 2384 322 2442 2.
339 2370 399 2436 Δαί
416 2368 561 2456 ναῦντὴν
575 2371 607 2433 ἐν
620 2366 797 2451 preponito
814 2366 920 2434 στάσιν
932 2371 983 2433 rrcrl
995 2366 1140 2451 ταραχὴν,
1163 2367 1272 2437 r'r'tlerur

171 2462 254 2546 εἶχον
274 2460 341 2538 (εἰσ
355 2456 439 2520 enim
453 2477 511 2535 pro
526 2456 595 2537 ἔχον
608 2458 701 2537 lego)
717 2458 749 2517 oi
760 2452 837 2517 aurci
851 2452 908 2533 τὴν
924 2444 1024 2539 χσίραν
1035 2456 1189 2536 πονηροὶ,
1212 2462 1274 2521 cciv

170 2547 332 2633 ἁρπαγῶν,
360 2555 547 2604 convertas:
581 2537 686 2621 Itaque
707 2555 827 2622 propter
847 2538 1017 2601 seditionem
1040 2562 1079 2603 oc
1100 2540 1225 2603 turbam
1244 2546 1277 2603 iu

171 2630 328 2717 metropoli
342 2626 460 2712 plenam
467 2624 653 2712 facultatem
665 2623 811 2684 habebant
822 2628 991 2709 nequissimi
1001 2624 1127 2689 accolae
1138 2624 1183 2685 ori
1197 2632 1279 2712 rupi·

173 2744 238 2781 nos.
283 2717 401 2777 Verum
421 2734 456 2772 ea
472 2712 610 2771 facultas
632 2708 797 2770 licentiam
818 2724 851 2769 et
872 2710 1048 2791 impunitas
1061 2731 1153 2793 spem
1169 2712 1279 2774 invol-

174 2806 234 2867 vit.
280 2800 378 2861 Gonf.
397 2812 503 2856 tamen
520 2792 722 2876 praemissam
743 2790 837 2855 lensii
850 2810 977 2871 uotam,
1001 2801 1098 2879 quam
1115 2793 1196 2879 quia
1214 2795 1280 2858 slis

175 2884 302 2949 erudite
328 2880 444 2959 tradit,
477 2880 634 2961 integram
661 2879 805 2957 servavi3
845 2880 928 2939 circa
949 2878 1028 2941 haec
1050 2878 1146 2941 verba
1169 2895 1280 2943 autem

175 2970 366 3043 hausseio,
390 2988 430 3025 an
454 2963 646 3026 sententiam
668 2962 983 3045 fueritsmutaturus,
1008 2962 1036 3025 εἰ
1050 2962 1161 3026 Solone·
1175 2980 1282 3025 muta·

175 3071 241 3116 tam
255 3054 429 3115 lectionem
444 3049 590 3111 vidisset.
634 3045 822 3109 Adsentirer
836 3049 932 3109 facile
945 3048 985 3109 de
997 3073 1116 3133 neupuy
1225 3048 1282 3111 hic

177 3140 283 3199 active
309 3133 516 3217 accipiendo,
555 3134 646 3211 cujus
670 3136 815 3212 exempla
836 3153 964 3216 quoquo
984 3128 1098 3195 dedis
1148 3142 1179 3201 1.
1204 3136 1281 3199 Ver.

177 3226 265 3285 Hist.
283 3244 307 3284 σ.
324 3225 377 3288 35.
421 3218 483 3280 Sed
503 3215 666 3299 quomodo
689 3216 736 3276 εἰσ
759 3213 792 3281 cri
813 3224 867 3297 τῆς
889 3210 992 3293 αἰὸεἰας
1011 3216 1196 3319 sipnilicet,
1219 3223 1283 3303 ep'ut

178 3334 238 3370 esse
249 3309 468 3389 impunitatem,
492 3323 558 3364 non
575 3300 682 3378 video,
701 3299 777 3381 quia
793 3315 859 3361 tum
875 3300 1004 3364 videtur
1017 3301 1165 3363 ducturus
1179 3304 1283 3365 fuisso

178 3394 349 3469 Lucienus,
372 3386 508 3473 ἐβούλετο
523 3390 682 3471 γίγνεσθαι
692 3380 749 3465 τὴν
760 3384 874 3450 ἄδειαν.
918 3386 964 3447 At
976 3383 1085 3469 jamri
1099 3394 1156 3467 τῆς
1168 3402 1220 3449 est
1234 3384 1283 3447 li-

181 3482 278 3539 centio
297 3480 373 3557 ipso.
402 3476 527 3533 llrrrru,
570 3472 699 3531 Locum
723 3470 810 3531 varie
830 3486 980 3533 vexatum
1002 3486 1036 3533 et
1052 3484 1212 3533 lentatum
1234 3472 1281 3531 illl

179 3566 254 3645 lego
271 3575 303 3620 et
320 3556 429 3639 capio:
452 3554 489 3621 ccl
503 3560 553 3621 ἴσα
566 3558 619 3619 καὶ
633 3562 740 3619 τοῦτον
757 3557 846 3633 (scil.
861 3554 916 3623 τὸν
928 3554 1121 3641 παρασχόντα
1135 3550 1283 3639 σίφσρμνίν

181 3655 236 3709 τοῦ
247 3642 369 3725 φόνου)
390 3636 474 3721 α’ξιοῖ
488 3640 507 3707 (ἰ
525 3637 621 3723 νόμος
637 3632 898 3717 ἀντικολάζεσθαι,
919 3640 999 3723 μάλα
1012 3646 1148 3717 δικαίως·
1171 3638 1209 3706 ori
1222 3638 1281 3725 peip

182 3727 321 3814 ἐβούλετο
340 3734 398 3792 τοῦ
419 3729 631 3811 πεπραγμένου
654 3714 752 3807 ἧσσον
768 3730 927 3810 γίγνεσθαι
947 3726 983 3791 cri
1001 3736 1058 3811 τῆς
1077 3724 1199 3803 αἰδείας·
1228 3726 1283 3789 eal

182 3812 306 3897 περιττὴ
321 3810 427 3878 λοιπὸν
439 3808 459 3895 ἡ
476 3815 603 3890 ἐξέτασις
619 3820 676 3875 τοῦ
688 3810 804 3889 τρόπον
818 3818 875 3891 τῆς
889 3818 1020 3897 σφαγῆς.
1043 3810 1106 3877 εἶτα
1120 3828 1182 3874 etc.
1217 3810 1284 3872 Εσ-

184 3900 248 3959 rlem
261 3898 349 3959 modo
364 3902 453 3959 elium
467 3899 545 3959 hunc
558 3903 652 3980 ipsum
660 3898 744 3979 jubet
759 3897 813 3958 lex
823 3900 953 3959 vicissim
962 3900 1067 3981 puniri
1071 3926 1081 3977 ς
1102 3896 1194 3981 idque
1205 3898 1286 3957 omni

183 3990 263 4059 iure:
287 4008 346 4043 non
363 3988 439 4043 enim
458 3984 576 4043 uolebat
594 3986 669 4065 ejus,
692 3982 883 4067 qur'fccinus
898 3986 961 4066 ipse
972 3986 1121 4065 pctrnuu,
1142 3986 1283 4044 mitiorem

185 4092 245 4131 esse
265 4076 447 4130 recuruatum
472 4070 587 4153 (quam
610 4068 680 4130 scil.
704 4072 791 4151 ejus,
822 4066 881 4153 qui
900 4068 1004 4130 suasit
1023 4082 1058 4131 et
1080 4066 1284 4131 occasionem
