2634 4680
286 262 893 340 inuaauortuo'a.
1059 269 1205 348 2115.
1306 352 1308 363 ,

46 436 231 515 motimum,
255 434 399 498 sedulum
414 456 482 497 essa
498 434 642 495 omnium
654 449 810 497 sectarum
823 435 1057 499 instituendum
1069 462 1142 503 exa.

45 544 118 584 men
134 537 218 598 ante,
244 542 337 604 quam
353 520 426 603 quis
442 541 475 581 se
488 518 565 579 huic
581 519 672 580 illive
684 521 881 594 committam
905 516 965 582 deo
980 525 1078 584 ullius
1094 547 1143 589 se·

48 599 293 690 quendam'esse
311 605 550 676 auctoritatem
574 602 639 687 hoo
657 604 761 664 utitur
780 621 987 686 argumento:
1019 606 1100 688 Quid
1115 616 1149 672 si·

46 716 99 773 ego
114 695 251 785 ἰὲεροιαο,
275 693 342 773 quis
356 713 398 750 ex
411 688 544 751 omnibus
557 685 742 770 philosophis
756 705 958 750 veramteneot
971 695 1050 751 oium
1057 739 1068 768 ,
1090 717 1151 767 uoq,

45 801 191 859 sequerer,
215 775 287 850 tihi,
310 775 424 834 homini
445 776 560 847 amico,
584 789 617 830 ot
637 788 816 847 cotoneum,
840 791 997 857 quaesunt
1017 776 1146 840 Stoico-

46 885 111 920 rum
119 907 129 936 ,
153 863 271 933 scienti,
290 881 436 942 unamque
450 857 528 916 hono
540 859 620 915 viam
634 857 766 916 calcanti
777 857 913 936 credens‚·
941 857 1045 919 eleimle
1062 863 1145 922 Deus

46 944 157 1026 aliquis
172 944 210 1003 ob
224 942 328 1022 inferis
341 946 479 1002 exsistere
480 941 602 1026 faceret
618 939 770 1001 Platonem
776 987 786 1016 ,
809 941 1015 1025 Pythagorop,
1034 947 1145 1007 -Aris-

45 1027 180 1101 totelem‚
203 1027 299 1105 οὔσας
320 1025 368 1088 illi
388 1049 454 1086 vero
476 1028 695 1087 ciroumstontes
715 1049 761 1084 me
781 1042 932 1106 rogarent,
963 1044 989 1086 et
1006 1029 1145 1114 profecto

46 1114 80 1171 in
87 1118 138 1194 jus
151 1115 293 1194 rapientes
304 1135 365 1189 me,
386 1108 497 1190 singuli
508 1107 699 1169 contumeliae
707 1126 888 1185 accusarent,
912 1109 1053 1188 dicentes,
1078 1115 1146 1174 Lu.

48 1197 160 1271 ciana,
186 1195 268 1255 bone
284 1193 334 1254 vir
343 1241 353 1270 ,
376 1215 438 1275 qua
455 1215 488 1253 re
503 1207 606 1251 motus
616 1237 626 1266 ,
651 1197 701 1252 vel
717 1194 769 1253 cui
793 1195 919 1254 tandem
937 1194 999 1257 fide
1014 1196 1145 1276 habita,

49 1279 286 1361 Chrysippum,
311 1294 343 1339 et
358 1281 540 1348 Zenonem,
566 1274 711 1338 homines
726 1278 906 1359 nuperrime¹
919 1294 1031 1352 natos,
1053 1273 1146 1362 prae·

48 1364 157 1425 tulisti
177 1362 271 1422 nobis
289 1367 390 1423 multo
411 1358 600 1442 majoribus,
628 1381 734 1443 neque
756 1361 923 1422 nobiscum
946 1367 1145 1442 collocutus,

51 1461 84 1509 et
101 1440 244 1508 netaotis
258 1445 386 1528 quidem
402 1447 484 1521 illis,
507 1466 589 1526 quae
602 1465 661 1504 nos
677 1446 865 1507 censemus?
897 1446 988 1508 Talia
1010 1450 1037 1510 si
1058 1449 1147 1510 εἰὶσε-.-

49 1547 130 1607 rent,
155 1530 227 1615 quitl
239 1531 356 1591 tandem
371 1529 569 1612 responderem
583 1528 671 1592 illis?
690 1530 771 1590 Num
782 1532 943 1618 sufficeret.
965 1536 992 1592 si
1008 1532 1143 1610 elicerem,

48 1641 97 1677 me
111 1615 276 1675 obsecutum
297 1615 504 1690 Hermotimo,
531 1615 644 1674 homini
659 1613 782 1678 amico?
808 1618 908 1698 Atqui
930 1621 1035 1698 opinor
1056 1617 1145 1679 dice·
1239 1644 1241 1649 ’

48 1717 128 1774 rent,
152 1699 265 1775 Nobis,
288 1725 306 1761 o
322 1701 474 1776 Luciam,
498 1703 615 1781 ignotus
629 1714 670 1757 est
682 1697 884 1760 Hermotimus
900 1700 951 1762 ille
968 1717 1029 1765 etc.
1072 1705 1174 1763 To-“

48 1797 117 1844 tum
132 1789 239 1844 locum
254 1787 425 1866 proposui,
446 1799 483 1842 ut
497 1805 537 1843 ex
553 1782 657 1861 ipsius
673 1784 828 1843 orationis
851 1784 905 1844 filo
930 1801 1072 1866 pateret,
1095 1791 1146 1847 ul·

49 1869 128 1927 tima
143 1869 177 1927 in
195 1868 329 1929 Graecis.
342 1868 462 1927 vitiose
477 1867 542 1950 legi
557 1866 608 1952 (εί
617 1872 710 1930 ταῦτα
720 1869 848 1973 λέχοιεα,
873 1871 902 1931 τί
914 1865 953 1932 σίν
967 1863 1148 1951 σίποκριναία

49 1978 112 2034 μην
126 1946 227 2026 αὐτοῖς
234 1979 247 2032 3
267 1948 290 2032 ἢ
311 1953 460 2034 ἐξαρκέσει
472 1977 539 2031 μοι.
569 1946 608 2015 iiv
624 1954 716 2027 είπω,
747 1978 792 2016 οτι
809 1947 977 2038 Ἑρμοτίμῳ
999 1957 1147 2036 ἐπείσθην

51 2043 131 2122 φίλῳ
145 2031 270 2114 σίνδρίς)
293 2051 327 2098 et
341 2034 559 2118 reponendum
573 2034 596 2116 ἢ
605 2039 768 2121 έξαρκέσειέ
778 2059 837 2116 μοι.
878 2038 1050 2121 Loquendi
1063 2039 1144 2102 haeo

50 2122 135 2182 satio
151 2121 272 2182 Nostro
285 2136 332 2182 est
347 2121 648 2203 frequentatissima.
684 2122 722 2181 In
738 2122 849 2183 eodem
863 2119 927 2181 hoo
943 2123 1144 2185 Hermotimo
1188 2141 1191 2145 ·

52 2228 81 2265 c·
100 2213 151 2272 64.
178 2198 312 2281 Οὐδενὸς
335 2200 507 2286 ανθρώπων
527 2208 595 2286 βίος
613 2207 778 2286 ἐξαρκέσειν
797 2201 853 2284 iio,
883 2192 996 2268 nidliui
1018 2209 1146 2269 hominis

49 2295 114 2352 αἰιο
127 2292 280 2375 sufficeret.
322 2291 361 2351 In
376 2291 573 2363 Harmooide
588 2313 618 2354 o.·
628 2296 659 2359 3.
674 2287 709 2365 iit
721 2287 788 2355 σἰντί
799 2289 920 2354 πάντων
933 2287 1085 2374 οίρκίσειεν
1095 2289 1152 2372 tte,

52 2380 106 2459 qui
120 2400 193 2435 unus
208 2392 278 2435 esset
291 2377 536 2437 instaromnium.
581 2376 624 2435 Et
646 2375 724 2435 alibi
749 2376 898 2437 similitor
919 2382 990 2458 plus
1014 2376 1153 2442 mi'llim

53 2461 109 2521 Sic
128 2458 212 2540 apud
232 2459 394 2521 Aelianum
408 2460 468 2520 XI.
488 2459 754 2524 floixu.1X.ubi
773 2460 1014 2542 Epaminondas
1031 2459 1071 2521 ad
1089 2482 1150 2522 ar-

54 2545 228 2626 migerum,
251 2544 347 2604 bonis
364 2544 486 2627 captivi
501 2546 637 2625 alicujus
653 2544 806 2622 ditatum,
829 2545 892 2630 ait,
922 2548 987 2628 ἐμοὶ
1002 2546 1056 2628 μὲν
1070 2540 1149 2613 ἆκό.

57 2634 112 2702 ὂος
123 2627 177 2707 τὴν
192 2624 319 2690 ἀσπίδα
341 2635 457 2692 σεαυιοί
473 2629 505 2691 δέ
517 2633 595 2709 πρίοο
607 2637 771 2710 καπηλεῖον
784 2631 816 2692 ἐν
831 2629 854 2693 oi
868 2629 1057 2710 καταζήσεις·
1078 2653 1148 2693 oon

56 2712 189 2772 dubium
204 2710 284 2770 mihi
301 2727 366 2786 est,
390 2693 468 2793 quin
484 2711 650 2794 legendum
667 2714 712 2772 sit
728 2697 932 2792 καταζκίσειας.
954 2715 1048 2778 Jans.
1093 2717 1156 2779 Do-

56 2795 183 2858 Aelioni
194 2799 265 2854 loco
281 2795 477 2856 vindicando
490 2795 547 2853 alii
562 2794 714 2859 viderint.
748 2797 881 2858 Lucioni
893 2820 968 2858 vero
980 2799 1056 2872 duo,
1067 2819 1150 2882 quaa
1228 2808 1229 2812 ’

58 2877 296 2954 affertlensius,
315 2883 405 2956 loca,
430 2878 548 2960 quibus
570 2899 646 2940 sane
663 2879 758 2940 etiam
776 2881 838 2940 alia
859 2887 957 2942 multa
983 2883 1059 2942 addi
1084 2905 1152 2966 po-

55 2976 181 3040 terant,
205 2961 289 3022 nihil
310 2965 442 3024 omnino
459 2962 584 3024 faciunt
604 2963 642 3022 ad
666 2962 753 3024 hune
774 2981 921 3035 nostrum„
935 2968 1042 3052 iocum
1061 2982 1150 3029 reeta

56 3046 335 3120 constituendum,
359 3048 422 3108 nisi
436 3046 499 3109 hoo
512 3043 766 3125 forteefficiant‚
789 3071 854 3132 quo
868 3064 973 3111 tamen
986 3072 1050 3112 non
1068 3071 1150 3133 opus
1194 3106 1200 3122 .,

55 3131 260 3208 est‚utittine
273 3131 392 3208 videat,
404 3132 554 3213 Optativi
568 3132 657 3192 verbi
673 3135 805 3216 ἐξαρκεῖν
818 3135 918 3197 forma
935 3133 1098 3218 quomodo
1113 3136 1154 3200 in.

54 3216 189 3277 Aroisto
206 3224 234 3281 1.
249 3237 317 3278 sese
333 3216 463 3293 habeat,
486 3238 590 3301 nequa
609 3240 676 3279 eam
699 3240 766 3278 noo
792 3239 956 3281 occurrere
978 3223 1011 3280 ia
1037 3221 1151 3301 probis

56 3300 230 3383 proborum
243 3303 433 3382 scriptorum
447 3302 540 3363 locis.
584 3302 654 3365 Jam
668 3303 728 3362 etsi
743 3304 847 3365 omnis
860 3306 926 3364 loci
939 3305 1022 3364 ratio
1038 3320 1158 3386 posim.

53 3391 122 3447 lare
145 3385 292 3446 videatur
317 3385 524 3466 Optativum,
563 3407 629 3447 non
658 3402 762 3449 tamen
784 3410 860 3449 usus
890 3410 929 3450 eo
951 3411 1018 3451 esse
1040 3389 1152 3471 potuit

55 3469 226 3546 Lucienus,
248 3471 312 3529 nisi
328 3473 422 3531 simul
438 3473 551 3546 otiam,
576 3491 658 3551 quae
673 3488 867 3554 sequuntur,
888 3471 927 3537 ἄν
942 3477 1034 3550 elno,
1059 3474 1093 3533 in
1109 3468 1152 3539 iu

56 3558 186 3637 εἴποιμι,
208 3569 359 3616 mutasset
374 3555 548 3616 secundum
561 3558 664 3638 legem
687 3557 897 3636 syntecticam
916 3562 1012 3640 vulgo
1027 3572 1149 3620 notam.

56 3640 102 3697 At
117 3661 214 3723 quum
230 3633 269 3702 iu
283 3644 355 3703 είπω
376 3640 512 3701 scribere
538 3639 569 3700 ei
590 3641 765 3718 placuerit,
788 3642 911 3722 placuit
932 3641 1033 3703 eidem
1052 3643 1149 3705 etiam

57 3725 215 3803 ἐξαρκέσει.
263 3725 308 3784 Et
334 3723 484 3784 habemus
510 3722 564 3785 hio
587 3722 747 3805 μετάβασιν
772 3723 929 3806 quandam
954 3739 1159 3807 structurasf.

58 3812 149 3887 cujus
172 3812 315 3888 exempla
331 3809 463 3889 passim,
486 3808 520 3866 in
542 3808 664 3890 anagnis
682 3809 867 3890 praesertim
885 3809 1044 3888 periodis,
1067 3815 1152 3894 qoa-

57 3892 98 3951 lis
114 3891 191 3951 haec
207 3905 312 3951 nostra
328 3908 393 3966 eat,
415 3904 595 3956 occurrunt.
639 3892 679 3952 In
695 3907 824 3974 promtu
839 3909 887 3956 est
900 3892 986 3955 haud
998 3894 1151 3957 dissimil-

59 3976 169 4036 limum
185 3974 263 4033 illud
277 3975 385 4037 Somn.
399 3999 426 4038 c.
442 3984 472 4044 9.
491 3978 605 4061 inquo
616 3977 743 4052 nescio,
767 3998 808 4035 an
823 3999 964 4061 unquam
979 3976 1149 4063 quisquan's

60 4057 213 4120 haeserit:
236 4061 268 4123 εί
289 4059 383 4127 linui
400 4066 533 4139 Φειδίας,
555 4055 578 4143 ἢ
586 4058 802 4141 Πολύκλειτος,
824 4063 970 4148 γένοιο,
990 4066 1052 4130 καί
1070 4073 1149 4131 θνα·
1231 4130 1234 4135 ,
