2634 4680
296 319 335 366 ιιι
361 316 487 364 vnnsn
514 316 717 364 rtrsronrsn
741 317 814 370 nrm
840 318 865 370 t.
1051 300 1129 379 652

15 463 90 528 ’ubi
106 471 201 549 plane
214 462 351 527 similem
375 461 505 543 phrasin
521 480 561 522 ex
575 460 731 542 Aristopb.
747 462 831 524 Plut.
845 469 917 533 488
931 464 1128 537 addidimus:

29 556 76 614 Et
93 552 178 612 infra
201 553 435 612 Toxar.c.11.
466 544 531 604 Ubi
554 544 634 607 Jens.
657 547 724 607 vim
746 545 844 628 hujus
867 550 966 610 verbi·
979 544 1127 631 pluribus
1266 590 1269 595 ·

10 611 184 717 'explicat
230 631 425 716 Oppositum
441 625 608 695 ἐπιδιδόναι
621 627 697 713 yide
710 627 853 713 hsc'ipsn
867 633 941 697 V'sr.
954 635 1043 700 Hist.
1053 646 1127 709 'ciffi
1250 712 1252 716 Ι

30 722 154 784 Rnrrz.
249 754 255 765 ·
910 772 913 779 .

10 806 19 881 ξ
115 802 193 864 Eat.
206 807 226 868 l.
240 808 270 868 9.
291 797 545 877 Ἆποῤῥλψανιες,
567 793 757 881 ἐνηχόμεθα)
778 797 932 880 Elliptice
946 797 1129 885 proc'noi.

10 892 20 951 l
28 893 175 974 ῥίψαντες
194 882 320 958 {notorie
341 887 373 948 ἐκ
394 889 447 964 τῆς
465 890 558 959 νεώς,
596 880 776 964 ἐνηχόμεθα.
819 885 942 946 Pariter
965 887 1068 952 Lucas
1090 890 1128 953 iss

10 978 101 1035 'Aen
127 974 239 1051 Apost.
256 967 402 1043 XXVII,
419 975 471 1035 43.
494 969 540 1032 L..
551 969 634 1028 Bos.
679 966 763 1028 Vide
777 967 872 1028 etiam
884 962 1130 1052 ‘Auferam

10 1062 140 1135 !Somn.
164 1076 187 1114 s.
206 1055 301 1124 Gall„
325 1052 381 1136 qui
398 1065 501 1112 tamen
525 1054 615 1126 locus
631 1050 695 1111 huc
708 1067 783 1111 non.
796 1052 930 1114 omnino
947 1058 1129 1139 convenit.)

16 1163 100 1221 cap.
115 1146 144 1205 9.
167 1139 293 1204 Sonare.
336 1134 557 1216 Adscripserat
580 1133 724 1210 Solorius,
750 1134 889 1216 aliquem
911 1143 1123 1219 coniectoris}

29 1228 141 1286 forsan
162 1218 393 1305 οἷπορῤύψοντες
410 1217 590 1301 legendum.
635 1218 695 1281 Sed
712 1214 946 1301 insignitionem
960 1207 1082 1300 volitis,
1106 1247 1127 1287 a

30 1308 138 1391 ῥύπτει
151 1308 302 1388 abstergo,
325 1304 425 1366 sordes
439 1302 544 1378 abluo,
566 1317 700 1384 tumque
713 1305 861 1384 profecto
874 1325 946 1367 non.
956 1311 1038 1368 male
1054 1308 1128 1389 qui.

30 1397 121 1454 dem:
144 1413 253 1452 verum
268 1393 395 1472 vulgata
412 1403 539 1448 nonest
554 1385 812 1456 movends,nam
829 1403 861 1449 et
877 1389 924 1452 sic
941 1391 975 1449 in
992 1395 1065 1453 loco
1080 1390 1125 1457 N.
1150 1404 1155 1412 '

28 1480 69 1538 Τ.
93 1497 185 1557 quem
207 1475 246 1534 L.
268 1474 330 1536 Bos
350 1472 488 1547 indicat,
516 1474 646 1537 ἐκέλευσε
665 1506 710 1519 ··-
730 1467 960 1556 ἆπορδίψαπας
985 1472 1128 1560 πρώτους

30 1558 352 1643 Ξειὶτήνγῆνέξιὲναι.
375 1558 498 1617 Rcrrz.
572 1598 575 1605 ·
621 1596 634 1602 ·›
695 1570 698 1577 '
843 1594 847 1625 ς
895 1592 910 1625 .·
960 1618 963 1623 .
1096 1616 1100 1625 ,
1183 1599 1189 1609 ·

114 1645 188 1727 Peg.
207 1649 310 1710 ml.
325 1652 353 1709 2.
368 1639 433 1703 Ἓν
456 1642 492 1705 δὲ
512 1639 697 1722 μέγιστον
719 1635 930 1724 inirent]
948 1644 1059 1724 Hujus
1073 1643 1128 1709 in·

29 1730 136 1815 gentis
161 1728 225 1790 ceti
248 1724 492 1788 similitudinem
513 1725 639 1785 invenit
659 1721 764 1793 Krebs.
790 1729 813 1786 l.
838 1748 871 1792 o..
889 1744 964 1810 pag.
983 1731 1055 1796 315.
1072 1749 1126 1812 sq.

30 1838 103 1875 cum
120 1835 176 1888 eo,
201 1812 257 1893 qui
280 1812 394 1874 Jonam
411 1807 598 1888 prophetam
622 1806 803 1884 devoravit,
832 1810 1079 1890 ipso-teste'IL·
1096 1821 1126 1882 l:

30 1921 91 1959 nec
113 1913 228 1957 temere
247 1893 279 1953 ἰδ
302 1893 405 1963 sumi,
437 1896 520 1951 clare
535 1891 677 1953 ostendit
689 1891 881 1956 Eiobstodius
895 1896 1032 1958 To'm.-I.
1048 1917 1125 1983 pag.

29 1982 200 2044 LXXXII.
215 1979 283 2058 huj.
300 1977 388 2040 Edit.
411 1977 528 2035 Lerina.
819 1971 826 1988 '
999 2036 1001 2041 ,
1121 2016 1127 2031 .

117 2064 192 2127 Eacl.
205 2068 224 2126 l.
239 2071 267 2130 6.
296 2068 437 2134 Φαλλιῐν)
460 2061 549 2127 Idem
562 2059 629 2120 vid.
648 2067 842 2141 su'pr.c.22.
866 2062 994 2126 Sonare.
1038 2061 1129 2148 Qu*-

31 2156 79 2213 les
96 2148 250 2208 describit
267 2145 372 2206 inlib.
389 2144 427 2206 de
446 2146 517 2211 Dea
533 2144 625 2224 Syria
641 2146 761 2210 Noster..
781 2149 885 2210 Gesta.
991 2206 998 2215 ,
1072 2208 1075 2215 ,
1110 2174 1130 2213 ‚t

116 2232 195 2293 Ittct.
218 2229 401 2310 Σκόλοπαε)
425 2228 546 2292 Confer
565 2250 660 2310 supra
681 2229 719 2293 de
735 2230 995 2298 Menedemi.
1010 2243 1132 2317 caprae·

32 2323 161 2385 Sonsr.
732 2362 737 2369 .
854 2364 857 2369 .
950 2366 958 2375 ,

117 2401 193 2462 Eas.
209 2405 231 2462 l.
246 2408 276 2469 8.
302 2397 551 2482 Περιβιὶλλοντες)
580 2396 627 2461 Fl.
653 2399 785 2482 optime.
828 2399 1129 2484 Reliquae-nactus·

30 2488 144 2574 βάντες.
167 2488 294 2549 Sosis.
335 2485 534 2547 Florentinam
550 2504 591 2548 eo.
605 2483 912 2549 lubentius'sccutus
928 2493 1015 2561 sum}
1038 2485 1129 2570 quoti

32 2575 96 2633 hoc
112 2570 238 2631 verbum
254 2569 292 2629 de
313 2569 568 2649 amplexantibus
583 2582 615 2627 et
638 2569 856 2629 osculantibus
872 2571 1006 2650 propris
1029 2593 1131 2633 usur-t

32 2671 136 2739 patur.
181 2652 234 2710 Sic
256 2653 355 2733 Long.
376 2655 458 2712 Past.
471 2653 538 2727 IV,
561 2656 630 2718 125.
647 2651 727 2722 (Ed.
745 2652 838 2713 Moli.
856 2662 1131 2733 p·.133.1nutttetts

33 2763 91 2823 per
105 2756 241 2800 errorem
255 2735 493 2814 typothetarum
515 2734 710 2812 depravato)
741 2728 828 2800 οὗτοι
847 2734 956 2812 πάντες
975 2742 1129 2821 περιέβαλε

33 2835 103 2897 λον,
127 2824 307 2899 κατεφίλουν
320 2823 484 2899 χαίροντες,
505 2831 537 2878 et
551 2820 587 2880 L.
604 2817 660 2878 IV.
676 2839 706 2898 p.
722 2823 781 2881 ult.
794 2816 919 2897 Δάφνις
934 2846 965 2886 τε
976 2825 1028 2886 sol
1040 2820 1129 2908 xiie

34 2897 1131 3071 ttt‘lzttlttltlnlttt‘ttlttltllt:atter
1196 2902 1199 2909 ’

526 3030 536 3059 ‚
1053 3032 1057 3041 ι
1113 3022 1129 3043 O

35 3082 208 3157 plexantur
241 3093 276 3131 ac
299 3076 502 3153 gratulantes.
544 3069 596 3133 Ne
623 3075 713 3152 plura
739 3071 774 3132 in
798 3086 926 3134 renota
950 3079 1148 3158 congeratis..

35 3162 160 3222 Rnrrz.
204 3159 267 3220 Ms.
285 3157 363 3239 Reg.
382 3162 475 3224 2954.
490 3155 717 3238 περιβαλόντες,
740 3150 1133 3236 pronuntiabam.

121 3241 197 3304 Eat.
212 3245 233 3321 l·
255 3248 303 3307 10.
325 3241 517 3320 Συναρῤάξαι
531 3249 593 3313 τοῖς
608 3237 757 3315 ὀδοῦσιν)
778 3239 899 3302 Contra
916 3257 1050 3304 mentem
1063 3243 1130 3307 Lm·

36 3332 118 3395 ciani
131 3325 269 3387 reddunt
284 3323 362 3384 haec
378 3325 486 3387 verba:
502 3327 549 3387 At
563 3324 696 3386 dentibus
709 3349 767 3386 non
782 3325 928 3412 confregit
939 3330 1130 3412 petonem

34 3441 88 3498 per
102 3437 198 3473 eorum
216 3413 365 3469 raritatem
380 3414 457 3472 intro
472 3415 556 3471 novis
570 3409 731 3474 decidisset.
776 3410 897 3470 Contra
911 3424 1048 3471 mentem
1062 3411 1134 3472 Ins·

36 3504 133 3573 ciani,
157 3497 304 3575 inquam:
338 3516 407 3554 nam
430 3497 521 3554 navis
537 3495 592 3555 illa
614 3516 752 3575 prorsus,
767 3515 834 3554 non
854 3492 919 3554 fuit
942 3495 1130 3574 confractae·

36 3606 96 3644 nec
112 3581 260 3641 dentibus
276 3577 409 3651 belluae,
430 3600 488 3640 neo
506 3578 541 3639 in
563 3584 631 3660 ejus
650 3593 771 3654 ventre,
794 3575 849 3637 sed
863 3579 987 3660 integra
1009 3578 1130 3640 iterun

36 3669 165 3740 emissa,
190 3661 317 3747 quando
335 3679 457 3722 mortua
477 3678 543 3724 erat
562 3661 685 3737 bellua,
708 3678 745 3722 ut
756 3660 866 3723 videro
885 3662 980 3723 estin
1005 3662 1133 3742 princi-2

36 3752 93 3833 pio
111 3753 148 3810 L.
163 3757 193 3815 2.
212 3749 284 3809 Ver.
300 3747 382 3809 Hist.
407 3747 520 3808 Voluit
539 3761 641 3808 sutem
655 3748 807 3808 Lucienus
818 3744 868 3805 his
884 3745 990 3806 verbis
1002 3744 1135 3807 inilici-¹

36 3857 89 3908 re,
114 3856 148 3893 os
162 3838 230 3915 ejus
246 3828 386 3909 belluae,
410 3847 442 3890 st
464 3853 564 3892 vacua
584 3832 667 3893 inter
682 3832 791 3893 dentes
808 3831 910 3910 spatis
932 3829 1011 3891 adeo
1035 3845 1125 3907 ,νιιιῐι

37 3920 155 3989 fuisse,
175 3933 213 3976 ut
236 3938 316 3996 opus
330 3936 395 3974 non
419 3932 500 3979 esset
520 3915 669 3978 dentibus
685 3916 773 3996 prius
789 3913 992 3996 confringere
1005 3915 1129 3991 navim:

37 4019 70 4064 et
89 4004 134 4062 sic
147 4023 203 4082 per
217 4015 321 4080 partes
336 4021 402 4062 eam
419 3999 679 4071 absorbere..sed
695 4000 851 4082 integram
866 3998 972 4058 navim
985 3997 1125 4062 illaesam

36 4109 93 4169 per
111 4087 254 4149 dentium
268 4084 412 4149 raritates
427 4086 522 4148 facile
539 4084 685 4168 potuisse
704 4083 847 4149 transire.
891 4082 1003 4145 Vertat
1024 4082 1138 4166 igitur·-

68 4190 180 4239 Lucian.
201 4185 262 4241 Vol.
281 4189 332 4239 JV.
865 4169 894 4229 T
904 4181 936 4260 i:¹
