2634 4680
278 319 519 369 nnnuomnus
543 319 625 369 σιντ
647 318 698 368 na
724 317 854 366 seems.
1023 300 1096 374 105

56 469 162 552 μετρία
169 472 261 533 ποιεῖ.
282 459 410 554 κάκείνη
425 463 483 551 yda
497 458 570 540 τούς
580 465 612 530 ἐν
627 459 705 551 ἀρχῇ
718 457 865 529 ἀλλόκοτά
872 465 939 530 τινα
949 463 1097 550 αἰτήματα
1105 493 1134 544 p·
1144 455 1205 559 Sty.

56 567 219 649 αἰτήσασα,
228 569 279 632 καί
293 561 617 657 συμχοορηθῆναιαύτῇ
627 560 788 642 ἀξιώσασα,
799 560 870 630 ούδὲ
885 575 1031 648 συστῆναι
1046 575 1098 634 δυ·
1125 587 1128 591 ’

56 668 184 752 νύμενα,
210 666 318 750 σημεῖά
330 696 396 735 τινα
410 667 518 753 ἀμερῆ,
539 673 588 734 καὶ
601 665 740 752 γραμμάς
751 664 899 745 ἀπλατεῖς,
921 672 972 734 καί
987 667 1024 734 cd
1037 697 1097 736 τοι-

58 769 150 849 αῦτα,
174 772 225 837 ἐπί
242 781 368 856 σαθροῖς
389 782 453 847 τοῖς
468 774 618 851 θεμελίοις
633 768 750 846 τούτοις
766 774 925 850 οἰκοδομεῖ
938 766 974 832 cni
993 757 1098 837 τοιαύ-
1190 825 1192 835 s

55 899 94 938 τα
107 877 156 952 ⁸),
180 874 232 938 καὶ
246 870 326 949 ἀξιοῖ
338 876 381 947 είς
394 869 548 949 ἀπόδειξιν
572 868 674 953 ἀληθῆ
689 875 798 963 λέγειν,
823 866 884 938 ἀπό
899 877 1033 952 ψευδοῦς
1044 881 1098 956 τῆς

56 972 152 1058 ἀρχῆς
174 971 344 1059 δρμιομένη.
389 972 474 1038 Κατά
495 971 589 1039 ταύτδι
612 977 718 1038 τοίνυν
740 973 791 1037 καὶ
808 966 892 1054 ύμεῖς
919 970 1021 1052 δόντες
1043 975 1097 1053 κάς
1115 983 1157 1049 75

57 1071 153 1162 ἀμχάς
164 1085 219 1159 τῆς
233 1077 436 1158 προαιρέσεως
448 1074 592 1157 ἑκάστης,
613 1071 765 1140 πιστεύετε
776 1082 838 1149 τοῖς
852 1076 936 1156 ἑξῆς,
958 1080 1008 1142 καί
1022 1076 1096 1163 yaci-

58 1200 152 1264 μισμα
164 1187 218 1262 τῆς
233 1176 376 1258 ἀληθείας
391 1172 492 1261 αύτοῖν
506 1174 562 1256 τὴν
578 1168 767 1241 ἀκολουθίαν
781 1171 907 1260 ἡγεῖσθε
920 1175 1007 1257 εἶναι,
1022 1197 1098 1261 ψευ·
1253 1224 1281 1270 4

59 1286 103 1363 δη
123 1275 229 1347 οὖσαν.
268 1276 329 1343 εἶτα
354 1283 386 1342 oi
405 1279 459 1361 μὲν
481 1272 584 1360 ύμοῖν,
607 1268 877 1359 ἐναποθνήσκουσι
903 1288 968 1355 ταῖς
990 1267 1096 1362 ἐλπίσι,

57 1386 134 1469 πρὶν
156 1375 277 1461 ίδιῖν“)
299 1374 443 1462 τάληθὲς,
475 1383 526 1447 καὶ
551 1387 742 1465 καταγνῶναι
767 1386 827 1444 τῶν
847 1380 1204 1466 ἐξαπατησάντανμ.8ι8.
1249 1429 1254 1441 »

59 1487 202 1552 ἐκείνων·
226 1488 258 1552 οί
281 1484 329 1561 δὲ,
351 1477 413 1569 κάν
437 1486 605 1548 αἴσθωνται
626 1477 858 1566 ἐξηπατημένοι,
882 1477 941 1565 όψέ
955 1511 1028 1552 ποτε
1043 1489 1099 1572 γέ-
1187 1476 1189 1479 V

60 1612 168 1670 σοντες
182 1585 241 1669 ἤδη
264 1584 435 1670 γενόμενοι,
457 1575 601 1654 ὀκνοῦσιν
614 1583 831 1669 ἀναστρέφειν,
856 1583 1048 1670 αἰδούμενοι,
1072 1595 1101 1656 εί

58 1684 178 1768 δεήσει,
210 1686 405 1780 τηλικούτους
435 1684 549 1763 αύτούς
578 1686 684 1766 ὄντας,
720 1684 1016 1800 ἐξομολομήσασθαι,
1052 1690 1099 1758 ότι

58 1785 220 1874 πράγματα
233 1785 263 1870 ¹)
285 1791 403 1852 παίδων
419 1789 534 1868 ἔχοντες
549 1785 586 1852 ού
599 1782 754 1853 συνίεσαν.
777 1787 848 1863 digna
862 1792 1021 1871 ἐμμένουσι
1034 1803 1099 1871 τοῖς

59 1889 165 1968 αύτοῖς
177 1887 234 1956 ἀπ’
249 1883 409 1971 αἰσχύνης,
432 1889 484 1951 καί
498 1890 654 1952 ἐπαινοῦσι
667 1888 704 1953 cci
718 1887 872 1972 παρόντα,
898 1895 948 1956 καὶ
963 1888 1100 1971 ὁπόσους

59 1989 100 2061 ἀν
111 1989 282 2069 δύνανται,
303 1991 526 2076 προτρέπουσιν
540 1988 636 2055 inieci
653 1985 745 2070 αότά,
769 1986 810 2067 ὥς
822 1987 861 2056 ἀν
877 1989 917 2074 μὴ
929 1989 1019 2074 μόνοι
1035 1998 1064 2074 ἐξ
1085 2038 1099 2051 -

95 2166 133 2233 g)
151 2156 193 2216 κά
209 2163 385 2230 τοιαῦτα]
404 2161 481 2216 male
494 2179 511 2214 e
525 2161 718 2231 superioribus
732 2161 833 2215 iterata
844 2161 971 2229 judicant
983 2167 1053 2216 λικε.
1070 2172 1100 2217 et·

130 2232 207 2286 Wiel.
244 2235 280 2284 At
297 2229 354 2284 vidss
379 2233 479 2284 Adnot.
532 2231 568 2299 h)
588 2234 701 2301 ἰδεῖν]
721 2229 789 2303 „Idci
807 2233 879 2285 male
900 2233 929 2286 Ρ.
949 2232 1099 2302 vulgatam

130 2311 248 2354 tuentur
267 2303 376 2370 priscae
388 2301 480 2353 Edd.“
515 2301 542 2367 i)
561 2300 769 2372 πράγματα]
790 2303 932 2372 παίγματα
946 2305 1100 2369 αοημιδεα-

127 2389 186 2441 ger.
205 2371 343 2423 Classical
357 2371 474 2423 Journal
487 2372 566 2427 Faec.
579 2373 659 2425 xttt.
676 2391 707 2443 p..
719 2389 761 2444 73.
776 2389 871 2425 merus
886 2372 992 2440 ingenii
1010 2372 1100 2425 lusus.

64 2509 122 2570 ille
144 2508 300 2573 voluerit:
334 2511 440 2594 qualia
462 2509 559 2572 etiam
601 2512 758 2597 jungitis,
782 2526 814 2574 et
832 2512 960 2596 signum
981 2511 1099 2573 verita·

64 2593 262 2656 admirabilis
288 2597 460 2680 geometria
488 2591 560 2657 effi·
603 2597 646 2656 tis
676 2599 805 2659 illorum
836 2597 1098 2678 consequentiam

64 2678 122 2740 eit.
166 2678 249 2741 Nam
265 2678 321 2746 illa
339 2701 468 2762 quoque
488 2677 559 2758 hoa,
604 2680 689 2751 illam
712 2683 850 2764 putatis,
877 2702 958 2764 quae
975 2696 1006 2741 et
1029 2679 1100 2760 ipsa

65 2763 304 2846 quiversantur
328 2765 411 2824 circa
434 2765 559 2847 princi·
604 2769 887 2826 tamenfalsaeat:
912 2763 1099 2826 deindealii
1160 2811 1173 2834 ,
1253 2765 1260 2780 ‘

63 2849 138 2928 pia,
171 2848 305 2909 absurda
326 2848 479 2931 quaedam
499 2869 562 2928 po·
606 2851 735 2930 quidem
765 2851 904 2909 vestrfim
933 2849 1001 2927 spei
1025 2868 1101 2908 auae

65 2937 184 2993 utulate
215 2934 337 3013 poscit,
357 2953 473 3014 ,eaque
493 2933 564 2991 dari
606 2935 832 2993 immoriantur
853 2948 1024 3012 antequam
1048 2953 1102 2992 ve-

64 3015 128 3077 eibi
158 3036 295 3098 aequum
326 3032 449 3090 censet,
481 3037 563 3097 quae
606 3040 675 3078 rum
703 3017 860 3094 viderint,
894 3037 1031 3098 auosque
1057 3016 1103 3075 il-

65 3113 177 3165 tamen,
187 3122 227 3162 ne
241 3101 416 3163 consistere
435 3101 563 3183 quidem
605 3106 654 3163 loa
677 3102 859 3183 deceptores
883 3099 1104 3161 damnaverint
1153 3114 1154 3117 ’

66 3199 220 3266 potsunt,
260 3200 380 3268 puncta
408 3185 563 3267 quaedam
606 3190 856 3270 (cognoverint),·
880 3186 936 3245 atii
949 3206 1040 3261 vero,
1064 3184 1104 3244 li·

67 3267 259 3347 individua,
282 3284 315 3330 et
327 3270 429 3330 lineas
444 3270 566 3331 latitu-
607 3290 657 3333 eet
674 3293 744 3332 aeto
768 3271 906 3355 denique
928 3291 1018 3331 senes
1040 3274 1104 3351 jam

67 3351 147 3414 dine
169 3357 257 3413 omni
278 3369 436 3431 carentes,
475 3369 507 3415 et
529 3352 565 3412 id
607 3357 687 3418 facti
709 3356 860 3438 deceptos
887 3375 920 3413 se
945 3353 1104 3430 sentiant,

67 3442 297 3518 'enueplura3
323 3437 566 3520 deindeputri-
607 3440 711 3504 redire
749 3455 854 3500 tamen
892 3451 1104 3513 cunctantur,

65 3457 129 3582 dua
149 3522 215 3582 illis
235 3521 453 3593 fundamentis
474 3522 566 3582 simi·
607 3525 731 3607 pudore
758 3525 908 3583 nimirum
937 3520 1103 3594 deterriti,

66 3605 115 3668 lia
135 3605 338 3686 inaedificat,
370 3622 402 3667 et
422 3611 567 3689 postulet
610 3611 637 3668 si
654 3623 819 3690 oporteat,
842 3606 876 3665 id
900 3605 1012 3666 aetatis
1033 3625 1107 3664 cum
1209 3679 1212 3691 s

68 3684 566 3752 veriaddemonatrnionemdi.
610 3694 695 3764 sint,
723 3693 836 3767 fateri,
866 3711 899 3751 se
922 3687 1107 3770 impruden-

70 3793 158 3851 στω,
181 3775 316 3835 initioa
337 3776 427 3834 falsie
440 3776 569 3856 princi-
610 3790 657 3836 tee
684 3797 855 3857 puerorum
879 3788 1030 3834 tractatae
1052 3777 1108 3832 lu-

68 3857 135 3940 piia
169 3859 267 3924 facto.
311 3858 434 3920 Eodem
469 3857 567 3919 modo
611 3859 735 3920 dibria:
771 3859 881 3940 itaque
910 3875 1040 3920 manent
1072 3860 1107 3917 in
1210 3868 1216 3887 '

70 3962 130 4003 vot
146 3963 293 4026 quoque,
317 3943 479 4005 concessis
499 3964 570 4003 aec·
611 3944 725 4003 iisdem
739 3965 814 4024 prae
829 3943 970 4026 pudore,
993 3959 1025 4004 et
1040 3947 1108 4002 lau·

70 4039 123 4089 tae
136 4031 293 4110 cujuaque
304 4028 486 4111 principiis,
506 4027 569 4103 his,
612 4026 691 4088 dant
707 4029 909 4110 praesentia,
932 4042 984 4104 et,
1008 4041 1108 4109 quot·

72 4131 157 4196 quae
172 4127 368 4196 sequuntur,
392 4110 487 4174 fidem
511 4110 571 4173 ad·
613 4127 695 4197 quot
730 4126 885 4196 potsunt,
909 4110 974 4187 -ad
998 4110 1110 4177 eadem
