2634 4680
77 254 154 329 486
307 261 909 347 ΙΙΑιηιοτωηοιεω

79 422 158 486 σιῶν
171 419 203 485 oi
216 406 422 495 δοκιμώτατοι.
451 406 526 475 ὅσον
551 402 587 474 mi
608 406 715 493 μικρὸν
732 404 794 491 ἤδη
817 404 859 491 μὴ
879 404 993 491 roderic
1012 400 1183 493 xua'uuoiti
1226 444 1230 477 ;

79 503 264 581 ἰνδεὲστερον
283 498 427 578 φαίνηται
440 501 500 559 τῶν
514 489 701 574 Ὀλυμπίων.
745 493 800 553 Sic
812 514 942 577 quoque
956 495 1076 577 legista
1089 494 1186 559 vide·

80 602 134 649 tur
164 584 348 665 Obsopoeua,
386 580 442 664 qui
468 579 556 639 hunc
584 584 692 639 locum
713 574 793 641 bene
818 578 923 639 vertit.
953 578 1091 643 (ἔων.
1137 580 1186 645 Ut

84 670 224 735 Grandae
237 666 454 747 interpungit,
479 663 527 724 ric
540 661 599 722 Ed.
615 663 685 725 Par.
700 666 762 743 jam
776 661 921 726 babebat.
943 664 1068 725 Rem.
1118 670 1131 681 “

167 750 280 815 Erat.
296 758 327 817 6.
342 748 444 813 Ὅσον
462 742 499 813 oti
517 744 626 830 μικρὸν
641 746 726 827 ἤδη)
748 748 837 807 Haec
853 766 967 821 nemo,
990 746 1109 824 credo,
1134 749 1186 810 in.

74 836 216 922 'telligat
261 835 422 915 Corrupto
450 832 558 915 itaque
581 830 676 891 verba
704 830 900 912 pronuntio,
936 853 1044 913 neque
1073 848 1185 895 tamen

83 918 244 1009 quomodo
257 917 387 979 restitui
401 916 527 998 pertint
533 962 542 992 ,
568 914 671 975 adhuc
682 913 796 996 liquet.
838 915 959 977 Dicere
972 915 1098 995 debuit,
1123 918 1189 981 Po-

84 1027 228 1087 rum-ergo
242 1002 340 1077 abest,
363 1004 434 1087 quin
446 998 488 1061 od
501 999 721 1084 Olympiccrum
735 997 929 1061 celebritatem
941 1000 1090 1063 accedant
1101 1003 1186 1065 bueo.

86 1092 214 1156 Socer.
259 1086 310 1147 Ad
322 1086 471 1161 verbum,
500 1100 612 1146 tantum
635 1107 695 1144 non
713 1107 837 1166 parcum
847 1087 914 1166 jam
935 1099 1000 1164 ert,
1032 1084 1100 1148 hoc
1120 1100 1186 1165 att,

85 1196 196 1259 parum
211 1172 315 1246 ebert,
339 1168 418 1252 quin
436 1168 527 1251 parvi
545 1173 606 1250 jam
622 1167 721 1245 illud,
744 1171 797 1229 vel
809 1168 896 1228 illam
910 1190 1032 1246 curam,
1058 1170 1187 1251 faciam,

87 1280 129 1323 ue
145 1258 280 1321 inferior
294 1267 354 1319 etc.
398 1253 518 1335 siquis
536 1274 589 1329 ea,
615 1273 695 1335 quae
715 1251 819 1311 adhuc
838 1251 926 1330 dixi,
948 1253 1029 1315 bene
1047 1272 1187 1337 perpen-

89 1342 191 1415 derit,
216 1338 342 1402 videbit
359 1336 457 1398 mein
474 1334 599 1398 theatro
618 1357 683 1398 non
700 1341 834 1397 multum
854 1337 998 1416 minore,
1029 1359 1131 1422 quam
1152 1340 1186 1399 iu

89 1426 169 1527 ipris
184 1422 346 1506 Olympiis
364 1419 491 1483 veretri.
534 1420 582 1481 Ut
596 1420 651 1481 bic
671 1420 776 1483 laboro
800 1419 912 1483 addidi
936 1422 971 1481 iu
994 1422 1188 1506 iuterpreta-

90 1527 181 1573 trone
195 1510 234 1570 ad
250 1513 353 1569 lucem
368 1503 564 1567 tententiae:
587 1504 635 1566 ita
648 1527 754 1567 maxa
771 1504 891 1567 Zeuxis
905 1506 1092 1589 principio,
1115 1512 1188 1573 uera·-

92 1612 138 1657 tur
154 1590 357 1654 inserendum
374 1590 447 1650 fuir.
470 1590 575 1653 Gasu.
609 1586 711 1657 Ὅσον
734 1583 772 1655 oti
787 1588 894 1672 μικρὸν
908 1593 1189 1675 dioecoujieiebat

91 1680 224 1741 Belinur.
247 1677 320 1738 Btr.
364 1674 472 1736 Vertit
492 1691 598 1736 autem
611 1674 750 1743 Belinus:
772 1679 864 1757 etj'oi
877 1692 941 1737 tout
955 1675 1013 1737 liert
1030 1674 1070 1739 de
1082 1682 1191 1741 croix-

94 1762 146 1825 (ἶνα
159 1762 247 1824 deire
257 1756 329 1843 jugd
345 1762 387 1823 ici
399 1782 468 1821 avec
483 1759 551 1847 plus
566 1759 601 1820 de
613 1759 731 1823 ae'vdritd
745 1785 799 1843 que
804 1764 835 1842 je
850 1784 885 1819 ne
896 1759 924 1821 le
935 1762 1061 1823 rmamd
1080 1762 1190 1849 Olym·-

92 1850 149 1932 ρίι.
208 1846 312 1930 Quam
340 1846 531 1907 sententiam
555 1858 640 1905 certo
661 1844 729 1906 acio
754 1866 772 1905 a
790 1844 918 1904 nemine
937 1845 1112 1927 probatum
1132 1847 1190 1923 iri,

96 1931 153 2014 qui
169 1952 289 1991 nexum
302 1926 459 1990 orationis
475 1943 621 1991 accurate
633 1927 854 2011 perpenderit,
876 1934 1079 2013 maximeque
1092 1930 1190 1993 verba

95 2016 258 2103 proxima,
280 2011 320 2096 μὴ
333 2009 448 2094 cariadae
464 2027 523 2075 etc.
545 2027 633 2077 recte
645 2013 832 2097 respexerit.
876 2014 952 2075 Nou
969 2029 1100 2077 veretur
1114 2036 1191 2077 auo·

97 2115 148 2162 tor
171 2103 321 2181 majorem
345 2096 526 2161 auditorum
550 2119 679 2160 tuorum
704 2097 922 2176 severitatem,
950 2096 1006 2159 ted
1025 2098 1193 2180 praedicat

96 2189 245 2268 majorem
263 2204 371 2245 eorum
385 2180 584 2260 tplendorem
596 2203 632 2242 ac
647 2182 854 2266 dignitatem,
877 2203 971 2265 quam
985 2203 1070 2265 quae
1081 2183 1193 2267 Olym·

97 2269 225 2353 piorum
240 2265 350 2327 fuerit.
394 2264 471 2325 Non
486 2265 672 2326 inferiorem
691 2266 771 2326 dicit
788 2287 875 2325 suam
891 2282 1008 2328 sortem
1025 2288 1118 2347 etta,
1139 2266 1194 2353 qui

99 2349 306 2414 audientibus
324 2347 518 2426 rhetoribus,
535 2348 697 2410 historicis
707 2364 739 2411 et
755 2350 921 2430 tophiatit,
944 2350 1023 2415 viris
1040 2350 1195 2415 docticti·

99 2434 177 2515 mit,
201 2436 390 2515 scriptaaua
411 2433 540 2509 recitet,
572 2455 663 2518 quam
687 2434 849 2496 Herodoti
869 2450 900 2497 et
920 2436 1091 2515 Aetionis,
1123 2436 1197 2499 reli-

100 2539 321 2603 quorumque,
345 2517 402 2599 qui
415 2517 588 2601 Olympiae
611 2540 715 2583 coram
736 2519 839 2579 omnia
861 2519 984 2605 generis
1007 2518 1197 2585 bominibus

101 2616 199 2666 artem
216 2604 310 2661 euam'
321 2603 564 2665 ostentaverint.
609 2602 700 2686 Quae
718 2626 815 2688 quum
831 2604 876 2666 ita
892 2605 979 2683 rint,
1002 2626 1059 2688 pet
1079 2626 1114 2669 ra
1127 2608 1199 2667 col·

23 2691 32 2707 '
99 2686 222 2748 labitur
234 2686 335 2749 Belini
350 2690 548 2769 conjectura,
579 2708 661 2770 quae
675 2710 735 2752 uec
749 2688 831 2751 bene
846 2688 973 2776 quidem
991 2690 1114 2752 Graeca
1132 2702 1198 2767 ert,

101 2785 224 2834 etcum
246 2793 283 2833 ca
307 2772 402 2833 timul
423 2772 518 2831 etiam
535 2772 849 2855 .praestanti0r*illa,
878 2795 972 2859 quam
992 2773 1201 2837 Jacobsimt

102 2854 245 2939 Sergerus
259 2857 499 2939 excogitarunt:
523 2861 589 2932 δέος
602 2850 659 2923 οὖν
675 2852 714 2923 ου’
725 2856 832 2941 μικρόν
847 2873 907 2924 etc.
949 2858 1097 2940 Utraque
1113 2856 1202 2919 enim

101 2940 267 3003 timentem
287 2940 375 3006 riatit
392 2954 573 3019 auctorem,
595 2942 651 3025 qui
672 2956 784 3004 contra
802 2941 960 3026 gaudebat
981 2941 1107 3005 bonore
1131 2961 1201 3005 tuo.

103 3024 217 3085 Otium
231 3024 312 3083 mihi
325 3024 454 3085 fecisset
475 3023 593 3089 Gesnen‘
606 3040 670 3087 tam
690 3026 875 3107 planissima
884 3074 894 3103 ,
918 3047 1010 3110 quam
1026 3024 1202 3089 tubtilitti·

33 3180 36 3185 ¹
101 3129 173 3185 ma,
196 3107 365 3170 verborum
382 3107 576 3190 explicatio,
597 3110 661 3171 niti
687 3111 879 3174 recentiores
899 3111 994 3191 hujus
1016 3110 1084 3171 loci
1100 3110 1203 3173 iuter.

102 3207 208 3281 pretet
222 3207 254 3253 et
270 3190 392 3273 judicer
405 3213 473 3252 eam
489 3197 541 3256 vel
556 3186 623 3254 noir
644 3195 781 3277 cepisse,
805 3199 857 3257 vel
869 3201 963 3278 plane
975 3214 1041 3255 nou
1056 3214 1201 3273 matta,

102 3274 254 3341 viderem.
296 3272 401 3341 ’Ὅσον
421 3269 459 3341 mi
481 3293 528 3340 ert
551 3302 660 3363 paene,
681 3279 802 3367 ferme,-
840 3282 884 3343 cf.
908 3278 981 3346 ὅσον
1003 3271 1127 3345 οὖδέπω
1147 3278 1202 3344 De

102 3358 206 3426 Mete.
225 3359 328 3422 Coad.
343 3382 368 3423 c.
384 3369 435 3429 31.
478 3362 591 3447 Neque
606 3361 686 3429 adeo
702 3357 740 3428 ori
757 3386 827 3423 cum
843 3362 951 3447 μικρὸν
966 3376 1050 3425 arcte
1064 3366 1203 3449 jungen-

105 3442 182 3503 dam
208 3459 273 3520 est,
298 3444 384 3530 quod
396 3445 538 3509 Reirziur.
554 3445 670 3511 feriare
685 3447 813 3511 ridetur
823 3497 832 3527 ,
858 3470 957 3532 quum
975 3469 992 3510 c
1008 3448 1113 3511 Zeux-
1128 3470 1157 3511 ο.
1171 3456 1202 3517 8.

96 3530 303 3594 'contrarium
332 3529 500 3612 quiddam,
533 3527 588 3597 ὅσα
608 3529 692 3597 πάνυ
709 3528 808 3617 ὀλίγα,
833 3532 973 3594 conferri
986 3529 1088 3615 jubet·
1132 3540 1204 3599 Mt·

104 3608 181 3696 κρὸν
195 3628 318 3695 autem,
340 3622 492 3703 aequente
505 3612 565 3697 μὴ,
586 3615 672 3677 nihil
686 3631 747 3696 eat,
761 3617 837 3682 'nisi
852 3616 1021 3683 notissima
1033 3615 1092 3677 illa
1110 3616 1205 3701 ellip-

106 3696 150 3757 aia
175 3699 265 3760 verbi
285 3701 361 3778 ἐστὶ,
386 3723 494 3785 parum
509 3718 567 3777 ast,
587 3702 787 3791 parvifacio,
814 3717 933 3766 metum
951 3701 1078 3779 scilicet
1092 3700 1204 3781 illum,

104 3788 143 3845 tie
159 3796 219 3843 etc.
236 3782 258 3842 i.
275 3804 301 3845 e.
310 3798 418 3865 parum
431 3802 542 3862 metuo,
566 3811 602 3846 ne
616 3799 676 3849 etc.
701 3785 787 3871 quod
803 3809 874 3848 eum
887 3784 994 3867 lepida
1031 3783 1150 3847 tradam
1173 3798 1205 3847 et

108 3864 251 3929 modesta
275 3866 381 3930 ironia
399 3867 521 3932 dictum
538 3889 613 3951 pro:
643 3870 697 3933 Sic
710 3876 777 3953 jam
792 3871 965 3954 planissime
982 3805 1088 3949 vr'deo,
1107 3892 1205 3949 meam

108 3948 307 4012 conditionem
333 3955 452 4015 minime
471 3954 640 4040 inferiorem
661 3981 735 4033 eree,
773 3979 864 4039 quom
888 3954 1101 4038 Olympiorum·
1147 3952 1206 4037 Mi

109 4046 216 4097 autem
230 4036 312 4121 poni
325 4056 559 4125 nonnunquam
573 4040 636 4123 ita,
659 4054 697 4109 ut
709 4038 856 4123 verbum,
878 4038 964 4107 uada
976 4038 1112 4124 pendet,
1132 4060 1207 4131 tup-
