2634 4680
276 291 322 336 ru
349 283 564 333 serrusu
590 282 680 337 sun¹
699 262 945 330 noe'rtnru.
1080 258 1161 336 621·

64 433 212 517 jungitur
219 479 229 508 ,
251 431 336 493 utin
354 432 416 495 Ev.
435 430 540 493 Lucae
549 409 589 501 ¹I,
609 428 660 496 54:
684 434 748 500 τοῖς
772 426 980 508 λελαλημένοις
1000 424 1082 511 παρά
1103 455 1156 494 ιιυ-

64 523 149 595 ρίου,
173 518 229 576 ubi
243 531 276 578 et
287 510 349 580 άιιά
362 519 466 576 locum
481 512 657 573 habuisset.
680 514 807 572 Rarus.
847 512 1154 580 Somn'.»o.12.extr‚

65 599 83 666 ά
100 603 131 666 st
145 598 309 684 Σωκράτης
328 634 371 647 -
393 593 519 671 άκοάεις
535 592 577 672 σάς
588 593 682 680 Ιιιιιρά
694 593 816 660 πάντων
831 594 964 683 ‚pietate
977 609 1010 657 et
1030 600 1156 681 saepius

64 688 110 746 sic
127 685 213 767 apud
230 700 376 746 nostrum
392 692 520 766 quoque
535 680 733 763 scriptorem.
755 680 886 761 Lusus.-
913 690 919 699 ‘
978 718 983 725 -
1046 696 1049 703 '

146 802 224 864 Eud.
241 807 265 866 1.
282 809 331 870 13.
350 797 424 863 Ἐπὶ
438 794 519 863 πόδα
535 789 631 873 sinric
646 792 741 863 άιιλσω
764 798 897 883 γαμεῖν)
924 799 1046 865 Gallice
1070 801 1158 864 simi-

64 889 140 949 liter
155 887 307 964 dicimus,
337 901 484 945 retourncr
496 908 547 944 sur
560 907 604 943 ses
613 907 680 965 pas.
703 886 869 953 Mense:
892 882 1036 953 Eandem
1056 886 1158 949 Galli.¹

63 992 130 1032 cum
146 970 278 1054 phrasin
296 989 426 1050 quoque
442 965 583 1043 aihunc
598 971 705 1029 locum
720 969 753 1027 in
776 961 933 1050 Εθιιγόι.
957 970 1044 1030 notis
1061 994 1158 1055 repe.

63 1058 126 1120 rio.
171 1056 215 1113 Et
230 1056 322 1134 saepe
340 1051 419 1112 alibi
434 1049 471 1110 hi
490 1049 555 1110 duc
569 1056 686 1112 notarit
704 1051 822 1114 eadem.
866 1050 918 1125 A'n'
933 1052 1034 1139 igitur
1048 1056 1158 1125 Menae

61 1147 130 1222 gius
150 1139 236 1199 hunc
257 1134 471 1218 compilavit?
502 1135 577 1195 Hoc
593 1138 667 1196 loco
688 1158 753 1197 non
775 1135 931 1200 arbitror:
968 1159 1040 1198 nem
1060 1141 1157 1204 facile

65 1221 225 1307 ejusmodi
250 1220 404 1305 cogitatio
426 1222 600 1300 utrumque
621 1219 732 1302 potuit
751 1220 870 1284 subire.
914 1220 1081 1285 Interdum
1105 1241 1159 1289 te.

63 1331 135 1369 men
152 1328 219 1366 non
236 1304 323 1367 abest
338 1302 491 1386 suspicio.
513 1302 639 1377 Rurrz.
733 1362 739 1387 ,
809 1348 813 1355 -

150 1426 228 1507 Peg.
249 1429 320 1492 154.
341 1426 364 1485 l.
388 1429 420 1489 2.
451 1422 647 1510 Κεραμεικῷ)
677 1421 774 1487 conf.
799 1446 893 1510 supra
914 1424 999 1489 Pisa.
1020 1447 1090 1510 cap.
1108 1434 1158 1499 13.

62 1511 191 1574 Sonsu.
547 1542 550 1547 ·
577 1564 582 1573 .
860 1546 873 1565 -·-
943 1552 947 1567 2
979 1552 982 1557 -

144 1591 259 1654 Esar.
274 1595 306 1660 5.
334 1597 393 1657 Τοῦ
408 1587 630 1674 δοκιμωιάιον)
652 1591 844 1674 Ang1.cod.
860 1591 1155 1676 succensuerim.

60 1682 194 1742 Bounn.
236 1677 312 1738 Non
335 1688 449 1738 move'o
471 1681 651 1760 vulgatam:
686 1677 815 1737 interim
840 1679 955 1752 credo,
982 1681 1157 1744 lectionem

63 1761 165 1825 Codd.
182 1783 346 1823 numerum
361 1761 474 1841 plural.
497 1761 744 1841 exprimentium
764 1782 831 1824 esse
851 1762 1030 1844 potiorem:
1061 1786 1157 1848 quam

62 1849 90 1909 si
107 1846 281 1927 receperis,
304 1844 418 1928 quidni
434 1858 501 1904 tum
525 1845 622 1905 etiam
646 1867 704 1926 pro
724 1847 831 1928 γένους
852 1851 954 1930 legas,
984 1851 1088 1932 γένος,
1118 1864 1158 1913 ut

62 1933 106 1992 sit
119 1934 206 2013 γένος
218 1936 280 1993 τοῖν
293 1925 521 2006 δοκιμωτάτων,
544 1930 568 1996 i.
582 1950 610 1990 e.
625 1945 766 2012 quantum
779 1930 823 1990 cri
831 1954 939 2014 genua,
962 1950 1025 1993 erat
1036 1958 1077 1999 ex
1085 1957 1157 2016 pro·

62 2016 239 2090 satissime,
262 2013 284 2082 i,
300 2034 326 2078 e.
344 2012 487 2094 dignitate
499 2016 680 2094 conspicuis)
703 2015 839 2075 formula
854 2018 887 2075 lo
911 2015 1009 2076 uendi
1022 2018 1056 2076 in
1073 2022 1158 2098 ejus·

62 2099 151 2159 modi
166 2099 350 2159 narratione
363 2097 580 2163 usitatissima.
603 2099 744 2162 lintres
768 2099 812 2165 At
828 2099 871 2159 cf.
885 2039 1024 2163 gonviv.
1041 2122 1110 2181 cap.
1126 2108 1158 2169 9.

62 2182 159 2263 ιἐρεύς
171 2179 229 2268 γάρ
245 2173 286 2266 ἦν
299 2191 364 2247 τοῖν
378 2175 529 2261 άνάκοιν,Ι
555 2181 606 2254 καλ
626 2183 734 2271 γένους
745 2191 802 2251 τοῦ
814 2178 935 2271 ιἰράιον
951 2185 984 2250 ἐν
1006 2194 1045 2272 τῇ
1062 2181 1159 2253 ιιάλιι.

59 2270 180 2333 Luunr.
858 2308 861 2313 -
994 2322 997 2329 ,
1063 2316 1065 2321 .

143 2351 221 2418 Eat.
237 2355 259 2413 l.
276 2361 307 2421 6.
326 2345 572 2436 ‘O’Avrixepcsc)
591 2347 631 2416 'O
641 2346 816 2437 Ἀνάχαρσις
830 2353 863 2420 tt
874 2351 974 2423 πάθεν
987 2348 1027 2419 άν
1042 2354 1159 2420 λιιεῖνον

61 2440 134 2521 ἔγνω
159 2434 409 2519 ὁμοεθνῆάντα,
423 2439 579 2518 ’ἑλληνιστὶ
601 2439 787 2518 ἐσταλμένον.
827 2438 947 2502 ¹Vertat
969 2439 1159 2502 Ansclmrsis

60 2540 156 2582 cutem
169 2521 245 2582 uncie
258 2526 447 2603 cognovisset,
468 2525 611 2585 Teucria
618 2521 792 2604 popularem
804 2548 890 2598 suum
903 2549 971 2602 esse,
994 2527 1046 2608 qui
1067 2522 1160 2593 Grue-
1236 2573 1239 2577 .

62 2630 97 2670 co
113 2629 192 2666 more
208 2611 326 2666 vestitus
341 2606 503 2667 incedebat.
546 2604 693 2676 Deinde,
716 2602 881 2687 άσλιληοον,
902 2605 964 2689 ἤδη
983 2604 1159 2688 σσωμάλον,

62 2704 169 2766 verte,
192 2694 253 2749 sine
261 2690 369 2774 firi-o,
392 2695 500 2771 etjam
521 2688 670 2770 lepidum,
693 2711 766 2764 seu,
794 2690 952 2770 elegantem
971 2695 1004 2754 in
1022 2691 1160 2776 alloquio

64 2772 224 2849 blanciam,
250 2777 358 2853 quales
380 2787 471 2833 eraut
485 2772 609 2843 Anien
632 2773 899 2861 consecrandum,
927 2791 965 2836 ut
988 2772 1157 2856 interpres.

65 2854 309 2921 Consuetudine
329 2857 522 2916 Graecorum
541 2855 731 2936 deposuerat
749 2858 890 2917 Toxaris
908 2859 1001 2925 illam
1025 2858 1160 2919 austeri-

68 2955 165 3003 tatem
182 2955 215 3000 et
227 2939 391 3001 tristitiam
404 2939 524 3001 frontis
540 2953 574 3003 et
589 2941 672 3016 oris,
696 2961 776 3022 quae
790 2939 920 3022 Scythis
937 2940 1068 3024 propria
1084 2956 1162 3018 erst,

66 3025 154 3084 unde
179 3024 317 3101 dicitur,
357 3026 569 3107 σκυθρωπία.’
589 3018 746 3106 Ἀσίιλιγοον
770 3023 988 3087 autem-dixit
1014 3025 1161 3089 Toxarin

69 3110 186 3184 fnisse,
210 3108 286 3190 quia
301 3106 439 3189 Scythae
454 3128 577 3190 semper
595 3110 681 3171 ferro
705 3109 993 3175 succinctiersntr
1022 3108 1162 3172 Teneris

67 3215 142 3254 vero
159 3182 353 3255 Graecorum
367 3214 469 3256 mores
484 3191 649 3275 induerat,
672 3206 705 3255 et
716 3193 868 3284 palliatus
883 3192 1068 3271 incedebat,
1090 3193 1162 3259 sint

65 3277 203 3346 acinace.
228 3279 363 3341 Gasuv.
923 3334 926 3339 .
1065 3318 1069 3329 ·

149 3378 229 3445 Ibit.
243 3375 361 3462 Ἔγνω)
371 3384 374 3391 ’
385 3382 480 3443 Plurs
492 3379 668 3464 ejusmodi,
693 3378 727 3440 in
741 3377 859 3462 quibus
873 3379 1062 3461 interpretes
1075 3377 1161 3459 lapsi

65 3478 158 3541 sunt,
178 3463 394 3526 indicativum
411 3468 586 3528 retinentes
601 3466 636 3525 in
652 3465 811 3542 versione,
834 3462 906 3522 cirus
916 3464 1161 3546 subjunctivum

63 3549 255 3691 ppp'ressisss
286 3550 500 3638 oportuisset,
535 3542 729 3637 deditium
752 3548 790 3635 iu
816 3546 924 3618 lectt.
944 3547 1028 3617 Luc.
1052 3568 1085 3630 Ρ.
1108 3552 1162 3617 801
1269 3594 1272 3603 =

97 3655 190 3694 urna.
624 3690 628 3695 .
711 3660 715 3666 ·
993 3652 996 3659 '

149 3718 227 3789 End.
241 3723 263 3780 1.
278 3726 310 3786 7.
328 3710 553 3800 Ἐσιαλμὲνον)
572 3719 626 3780 De
646 3717 779 3797 habitu,
803 3731 938 3794 ornatu,
959 3713 1056 3777 etism
1068 3714 1161 3781 Dices

65 3801 172 3868 Helie.
188 3803 302 3886 Antip
317 3804 356 3866 V.
372 3823 404 3885 p.
420 3803 469 3865 ad.
485 3804 571 3887 Lips.
587 3810 660 3871 809·
674 3824 706 3865 t.
723 3811 753 3870 8·
771 3804 877 3879 ἐξιέναι
890 3795 1003 3874 nicosie
1021 3796 1164 3865 -eet-

67 3912 112 3973 φῃ
132 3889 325 3966 ἐσταλμένους
347 3882 478 3964 ὁιιλλσει,
507 3886 827 3953 rutenensem
844 3889 1013 3951 instmctcs.
1055 3882 1101 3945 Et
1118 3884 1163 3949 L·
1281 3919 1284 3924 ·

66 3972 124 4030 XI·
143 3992 173 4053 p·
191 3980 264 4048 707,
284 3981 333 4041 18·
351 3968 475 4055 ἄνδρων
494 4004 539 4031 -s
556 3973 742 4049 ἐσταλμένων
757 3966 903 4057 ιλιιλλσιι.Ι
925 3968 1164 4032 Numitorem

67 4077 97 4126 c.
108 4062 140 4124 6·
156 4055 253 4144 hujus
267 4057 421 4141 Dialogi,
443 4054 523 4127 οάιω
532 4060 708 4145 ’δημοτικοῖς
717 4052 904 4145 tanim,
922 4054 1057 4117 ’Κιίυω
