<?xml version="1.0" encoding="UTF-8"?>
<!DOCTYPE html PUBLIC "-//W3C//DTD XHTML 1.0 Transitional//EN"
    "http://www.w3.org/TR/xhtml1/DTD/xhtml1-transitional.dtd">
<html xmlns="http://www.w3.org/1999/xhtml" xml:lang="en" lang="en">
 <head>
  <title>
</title>
<meta http-equiv="Content-Type" content="text/html;charset=utf-8" />
  <meta name='ocr-system' content='tesseract 3.04.00' />
  <meta name='ocr-capabilities' content='ocr_page ocr_carea ocr_par ocr_line ocrx_word'/>
</head>
<body>
  <div class='ocr_page' id='page_1' title='image "./lucianisamosate00lehmgoog_0131.png"; bbox 0 0 2634 4680; ppageno 0'>
   <div class='ocr_carea' id='block_1_1' title="bbox 245 228 964 385">
    <p class='ocr_par' dir='ltr' id='par_1_1' title="bbox 245 228 964 385">
     <span class='ocr_line' id='line_1_1' title="bbox 245 228 964 385; baseline 0.006 -37"><span class='ocrx_word' id='word_1_1' title='bbox 245 228 321 350; x_wconf 55' lang='lat' dir='ltr'>1ss</span> <span class='ocrx_word' id='word_1_2' title='bbox 442 310 463 385; x_wconf 45' lang='lat' dir='ltr'><em>s</em></span> <span class='ocrx_word' id='word_1_3' title='bbox 602 254 964 351; x_wconf 72' lang='lat' dir='ltr'>suessos¹</span> 
     </span>
    </p>
   </div>
   <div class='ocr_carea' id='block_1_2' title="bbox 61 437 1281 2070">
    <p class='ocr_par' dir='ltr' id='par_1_2' title="bbox 61 437 1281 1247">
     <span class='ocr_line' id='line_1_2' title="bbox 61 437 1276 532; baseline 0.006 -22"><span class='ocrx_word' id='word_1_4' title='bbox 61 508 65 515; x_wconf 90' lang='grc'><strong><em>,</em></strong></span> <span class='ocrx_word' id='word_1_5' title='bbox 134 439 368 529; x_wconf 61' lang='grc' dir='ltr'><strong><em>ΡιὸὄᾱἼταλίμ,</em></strong></span> <span class='ocrx_word' id='word_1_6' title='bbox 390 437 472 530; x_wconf 72' lang='grc' dir='ltr'><strong><em>κᾷγοδ</em></strong></span> <span class='ocrx_word' id='word_1_7' title='bbox 489 440 588 521; x_wconf 83' lang='grc' dir='ltr'><strong><em>εἰδον,</em></strong></span> <span class='ocrx_word' id='word_1_8' title='bbox 611 440 684 520; x_wconf 69' lang='lat' dir='ltr'>dign</span> <span class='ocrx_word' id='word_1_9' title='bbox 700 445 752 509; x_wconf 78' lang='grc' dir='ltr'><strong><em>καὶ</em></strong></span> <span class='ocrx_word' id='word_1_10' title='bbox 768 446 817 510; x_wconf 86' lang='grc' dir='ltr'>σολ</span> <span class='ocrx_word' id='word_1_11' title='bbox 842 441 881 510; x_wconf 75' lang='grc' dir='ltr'>δν</span> <span class='ocrx_word' id='word_1_12' title='bbox 895 448 991 514; x_wconf 80' lang='grc' dir='ltr'><strong><em>εἰπεῖν</em></strong></span> <span class='ocrx_word' id='word_1_13' title='bbox 1004 450 1108 530; x_wconf 76' lang='grc' dir='ltr'><strong><em>ἔχοιμι.</em></strong></span> <span class='ocrx_word' id='word_1_14' title='bbox 1137 446 1276 532; x_wconf 70' lang='grc' dir='ltr'><strong><em>θάλαμός</em></strong></span> 
     </span>
     <span class='ocr_line' id='line_1_3' title="bbox 241 544 1277 635; baseline 0.006 -24"><span class='ocrx_word' id='word_1_15' title='bbox 241 548 304 611; x_wconf 82' lang='grc' dir='ltr'><strong><em>έστι</em></strong></span> <span class='ocrx_word' id='word_1_16' title='bbox 318 544 513 626; x_wconf 69' lang='grc' dir='ltr'><strong><em>περικαλλὴς,</em></strong></span> <span class='ocrx_word' id='word_1_17' title='bbox 536 548 588 611; x_wconf 83' lang='grc' dir='ltr'>καλ</span> <span class='ocrx_word' id='word_1_18' title='bbox 598 551 685 627; x_wconf 85' lang='grc' dir='ltr'><strong><em>κλίνη</em></strong></span> <span class='ocrx_word' id='word_1_19' title='bbox 698 547 856 630; x_wconf 81' lang='grc' dir='ltr'><strong><em>νυμφική·</em></strong></span> <span class='ocrx_word' id='word_1_20' title='bbox 886 552 936 614; x_wconf 81' lang='grc' dir='ltr'>καλ</span> <span class='ocrx_word' id='word_1_21' title='bbox 953 546 1123 633; x_wconf 77' lang='grc' dir='ltr'><strong><em>ἡῬωξόνη</em></strong></span> <span class='ocrx_word' id='word_1_22' title='bbox 1143 550 1277 635; x_wconf 77' lang='grc' dir='ltr'><strong><em>κάθηται</em></strong></span> 
     </span>
     <span class='ocr_line' id='line_1_4' title="bbox 239 642 1276 742; baseline 0.009 -32"><span class='ocrx_word' id='word_1_23' title='bbox 239 642 393 729; x_wconf 78' lang='grc' dir='ltr'><strong><em>πάγκαλόν</em></strong></span> <span class='ocrx_word' id='word_1_24' title='bbox 416 672 443 711; x_wconf 90' lang='grc' dir='ltr'><strong><em>τι</em></strong></span> <span class='ocrx_word' id='word_1_25' title='bbox 464 655 562 729; x_wconf 81' lang='grc' dir='ltr'><strong><em>χρῆμα</em></strong></span> <span class='ocrx_word' id='word_1_26' title='bbox 585 653 757 732; x_wconf 76' lang='grc' dir='ltr'><strong><em>παρθένου,</em></strong></span> <span class='ocrx_word' id='word_1_27' title='bbox 789 653 820 726; x_wconf 84' lang='grc' dir='ltr'>ές</span> <span class='ocrx_word' id='word_1_28' title='bbox 840 657 898 736; x_wconf 74' lang='grc' dir='ltr'>γῆν</span> <span class='ocrx_word' id='word_1_29' title='bbox 921 647 1037 735; x_wconf 72' lang='grc' dir='ltr'><strong><em>δρῶσα,</em></strong></span> <span class='ocrx_word' id='word_1_30' title='bbox 1060 656 1228 739; x_wconf 84' lang='grc' dir='ltr'><strong><em>αἰδουμένη</em></strong></span> <span class='ocrx_word' id='word_1_31' title='bbox 1242 655 1276 742; x_wconf 73' lang='lat'>¹)</span> 
     </span>
     <span class='ocr_line' id='line_1_5' title="bbox 241 744 1281 841; baseline 0.007 -26"><span class='ocrx_word' id='word_1_32' title='bbox 241 752 353 815; x_wconf 79' lang='grc' dir='ltr'><strong><em>ἕστοῖτα</em></strong></span> <span class='ocrx_word' id='word_1_33' title='bbox 365 744 632 835; x_wconf 78' lang='grc' dir='ltr'><strong><em>τδνἈλέξανδρον.</em></strong></span> <span class='ocrx_word' id='word_1_34' title='bbox 656 753 762 835; x_wconf 73' lang='grc' dir='ltr'><strong><em>ἔρωτες</em></strong></span> <span class='ocrx_word' id='word_1_35' title='bbox 776 754 809 816; x_wconf 88' lang='grc' dir='ltr'>δέ</span> <span class='ocrx_word' id='word_1_36' title='bbox 820 779 898 828; x_wconf 86' lang='grc' dir='ltr'><strong><em>τινες</em></strong></span> <span class='ocrx_word' id='word_1_37' title='bbox 915 760 1101 835; x_wconf 78' lang='grc' dir='ltr'><strong><em>μειδιῶντες,</em></strong></span> <span class='ocrx_word' id='word_1_38' title='bbox 1125 751 1142 820; x_wconf 86' lang='grc' dir='ltr'><strong><em>ό</em></strong></span> <span class='ocrx_word' id='word_1_39' title='bbox 1156 758 1212 841; x_wconf 80' lang='grc' dir='ltr'><strong><em>μέν</em></strong></span> <span class='ocrx_word' id='word_1_40' title='bbox 1227 744 1281 837; x_wconf 33' lang='grc' dir='ltr'><strong><em>κα..</em></strong></span> 
     </span>
     <span class='ocr_line' id='line_1_6' title="bbox 239 848 1278 940; baseline 0.01 -25"><span class='ocrx_word' id='word_1_41' title='bbox 239 848 330 915; x_wconf 88' lang='grc' dir='ltr'><strong><em>τόπιν</em></strong></span> <span class='ocrx_word' id='word_1_42' title='bbox 346 849 493 931; x_wconf 82' lang='grc' dir='ltr'><strong><em>έφεστιδς,</em></strong></span> <span class='ocrx_word' id='word_1_43' title='bbox 517 848 624 938; x_wconf 79' lang='grc' dir='ltr'><strong><em>οἷπόγει</em></strong></span> <span class='ocrx_word' id='word_1_44' title='bbox 636 862 691 933; x_wconf 80' lang='grc' dir='ltr'><strong><em>τῆς</em></strong></span> <span class='ocrx_word' id='word_1_45' title='bbox 704 863 839 935; x_wconf 78' lang='grc' dir='ltr'><strong><em>κεφαλῆς</em></strong></span> <span class='ocrx_word' id='word_1_46' title='bbox 851 854 907 937; x_wconf 74' lang='grc' dir='ltr'>τήν</span> <span class='ocrx_word' id='word_1_47' title='bbox 922 853 1110 940; x_wconf 75' lang='grc' dir='ltr'><strong><em>καλύπτραν,</em></strong></span> <span class='ocrx_word' id='word_1_48' title='bbox 1133 862 1187 923; x_wconf 84' lang='grc' dir='ltr'>καλ</span> <span class='ocrx_word' id='word_1_49' title='bbox 1201 864 1278 925; x_wconf 70' lang='lat' dir='ltr'>tetz-</span> 
     </span>
     <span class='ocr_line' id='line_1_7' title="bbox 238 951 1279 1044; baseline 0.006 -24"><span class='ocrx_word' id='word_1_50' title='bbox 238 978 311 1021; x_wconf 92' lang='grc' dir='ltr'><strong><em>νυσι</em></strong></span> <span class='ocrx_word' id='word_1_51' title='bbox 322 963 367 1038; x_wconf 75' lang='grc' dir='ltr'><strong><em>τῷ</em></strong></span> <span class='ocrx_word' id='word_1_52' title='bbox 376 960 502 1044; x_wconf 77' lang='grc' dir='ltr'><strong><em>νυμφίῳ</em></strong></span> <span class='ocrx_word' id='word_1_53' title='bbox 513 954 571 1036; x_wconf 73' lang='grc' dir='ltr'><strong><em>τὴν</em></strong></span> <span class='ocrx_word' id='word_1_54' title='bbox 583 951 752 1036; x_wconf 75' lang='grc' dir='ltr'><strong><em>Ῥωξάνην.</em></strong></span> <span class='ocrx_word' id='word_1_55' title='bbox 776 952 793 1021; x_wconf 86' lang='grc' dir='ltr'><strong><em>ό</em></strong></span> <span class='ocrx_word' id='word_1_56' title='bbox 806 959 839 1022; x_wconf 86' lang='grc' dir='ltr'>δέ</span> <span class='ocrx_word' id='word_1_57' title='bbox 850 984 910 1036; x_wconf 88' lang='grc' dir='ltr'><strong><em>τις,</em></strong></span> <span class='ocrx_word' id='word_1_58' title='bbox 932 955 1173 1039; x_wconf 77' lang='grc' dir='ltr'><strong><em>μόλαδουλικῶς</em></strong></span> <span class='ocrx_word' id='word_1_59' title='bbox 1184 955 1279 1041; x_wconf 70' lang='lat' dir='ltr'>duos·</span> 
     </span>
     <span class='ocr_line' id='line_1_8' title="bbox 240 1054 1279 1145; baseline 0.005 -21"><span class='ocrx_word' id='word_1_60' title='bbox 240 1068 289 1145; x_wconf 84' lang='grc' dir='ltr'>ρεῖ</span> <span class='ocrx_word' id='word_1_61' title='bbox 304 1058 337 1123; x_wconf 87' lang='grc' dir='ltr'><strong><em>τό</em></strong></span> <span class='ocrx_word' id='word_1_62' title='bbox 359 1054 520 1123; x_wconf 73' lang='grc' dir='ltr'><strong><em>σανδάλιον</em></strong></span> <span class='ocrx_word' id='word_1_63' title='bbox 541 1059 574 1120; x_wconf 86' lang='grc' dir='ltr'>έκ</span> <span class='ocrx_word' id='word_1_64' title='bbox 594 1062 650 1120; x_wconf 80' lang='grc' dir='ltr'><strong><em>τοῦ</em></strong></span> <span class='ocrx_word' id='word_1_65' title='bbox 671 1057 784 1134; x_wconf 84' lang='grc' dir='ltr'><strong><em>ποδός,</em></strong></span> <span class='ocrx_word' id='word_1_66' title='bbox 815 1055 856 1135; x_wconf 77' lang='grc' dir='ltr'>οἷς</span> <span class='ocrx_word' id='word_1_67' title='bbox 870 1063 1075 1127; x_wconf 73' lang='grc' dir='ltr'><strong><em>κατακλίνοιτο</em></strong></span> <span class='ocrx_word' id='word_1_68' title='bbox 1094 1061 1163 1144; x_wconf 77' lang='grc' dir='ltr'><strong><em>ἤδη.</em></strong></span> <span class='ocrx_word' id='word_1_69' title='bbox 1189 1062 1279 1141; x_wconf 70' lang='grc' dir='ltr'><strong><em>ἄλλος</em></strong></span> 
     </span>
     <span class='ocr_line' id='line_1_9' title="bbox 237 1154 1279 1247; baseline 0.006 -21"><span class='ocrx_word' id='word_1_70' title='bbox 237 1171 293 1242; x_wconf 80' lang='grc' dir='ltr'><strong><em>τῆς</em></strong></span> <span class='ocrx_word' id='word_1_71' title='bbox 308 1164 447 1243; x_wconf 81' lang='grc' dir='ltr'><strong><em>χλανίδος</em></strong></span> <span class='ocrx_word' id='word_1_72' title='bbox 467 1165 523 1224; x_wconf 81' lang='grc' dir='ltr'><strong><em>τοῦ</em></strong></span> <span class='ocrx_word' id='word_1_73' title='bbox 545 1154 741 1247; x_wconf 77' lang='grc' dir='ltr'><strong><em>Ἀλεξάνδρου</em></strong></span> <span class='ocrx_word' id='word_1_74' title='bbox 758 1163 971 1243; x_wconf 73' lang='grc' dir='ltr'><strong><em>ἐπειλημμένος</em></strong></span> <span class='ocrx_word' id='word_1_75' title='bbox 991 1165 1082 1247; x_wconf 71' lang='grc' dir='ltr'><strong><em>ἔρως,</em></strong></span> <span class='ocrx_word' id='word_1_76' title='bbox 1112 1167 1165 1228; x_wconf 85' lang='grc' dir='ltr'>καλ</span> <span class='ocrx_word' id='word_1_77' title='bbox 1187 1156 1279 1243; x_wconf 74' lang='grc' dir='ltr'><strong><em>οὗτος</em></strong></span> 
     </span>
    </p>

    <p class='ocr_par' dir='ltr' id='par_1_3' title="bbox 131 1257 1279 2070">
     <span class='ocr_line' id='line_1_10' title="bbox 131 1257 1278 1349; baseline 0.006 -21"><span class='ocrx_word' id='word_1_78' title='bbox 131 1275 133 1299; x_wconf 86' lang='lat'><strong>¹</strong></span> <span class='ocrx_word' id='word_1_79' title='bbox 237 1266 312 1329; x_wconf 72' lang='grc' dir='ltr'><strong><em>ἕλκει</em></strong></span> <span class='ocrx_word' id='word_1_80' title='bbox 328 1257 421 1329; x_wconf 82' lang='grc' dir='ltr'><strong><em>αότδν</em></strong></span> <span class='ocrx_word' id='word_1_81' title='bbox 437 1259 515 1345; x_wconf 90' lang='grc' dir='ltr'><strong><em>πρδς</em></strong></span> <span class='ocrx_word' id='word_1_82' title='bbox 528 1259 583 1343; x_wconf 77' lang='grc' dir='ltr'><strong><em>τὴν</em></strong></span> <span class='ocrx_word' id='word_1_83' title='bbox 597 1257 770 1344; x_wconf 76' lang='grc' dir='ltr'><strong><em>Ῥωξάνην,</em></strong></span> <span class='ocrx_word' id='word_1_84' title='bbox 795 1261 878 1328; x_wconf 82' lang='grc' dir='ltr'><strong><em>πόνυ</em></strong></span> <span class='ocrx_word' id='word_1_85' title='bbox 894 1269 1000 1348; x_wconf 86' lang='grc' dir='ltr'><strong><em>βιαίως</em></strong></span> <span class='ocrx_word' id='word_1_86' title='bbox 1015 1265 1237 1349; x_wconf 75' lang='grc' dir='ltr'><strong><em>ἐπισπώμενος.</em></strong></span> <span class='ocrx_word' id='word_1_87' title='bbox 1259 1264 1278 1335; x_wconf 81' lang='lat' dir='ltr'>d</span> 
     </span>
     <span class='ocr_line' id='line_1_11' title="bbox 237 1359 1279 1458; baseline 0.003 -26"><span class='ocrx_word' id='word_1_88' title='bbox 237 1365 373 1454; x_wconf 84' lang='grc' dir='ltr'><strong><em>βασιλεδς</em></strong></span> <span class='ocrx_word' id='word_1_89' title='bbox 386 1368 434 1445; x_wconf 75' lang='grc' dir='ltr'>δὲ,</span> <span class='ocrx_word' id='word_1_90' title='bbox 458 1359 552 1439; x_wconf 81' lang='grc' dir='ltr'><strong><em>αότδς</em></strong></span> <span class='ocrx_word' id='word_1_91' title='bbox 570 1364 623 1446; x_wconf 75' lang='grc' dir='ltr'><strong><em>μὲν</em></strong></span> <span class='ocrx_word' id='word_1_92' title='bbox 641 1362 791 1445; x_wconf 81' lang='grc' dir='ltr'><strong><em>στέφανόν</em></strong></span> <span class='ocrx_word' id='word_1_93' title='bbox 812 1392 879 1430; x_wconf 88' lang='grc' dir='ltr'><strong><em>τινα</em></strong></span> <span class='ocrx_word' id='word_1_94' title='bbox 895 1360 991 1451; x_wconf 77' lang='grc' dir='ltr'><strong><em>ὀρέγει</em></strong></span> <span class='ocrx_word' id='word_1_95' title='bbox 1005 1375 1042 1457; x_wconf 76' lang='grc' dir='ltr'><strong><em>τῇ</em></strong></span> <span class='ocrx_word' id='word_1_96' title='bbox 1053 1374 1147 1434; x_wconf 71' lang='grc' dir='ltr'><strong><em>παιδλ</em></strong></span> <span class='ocrx_word' id='word_1_97' title='bbox 1171 1367 1279 1458; x_wconf 79' lang='grc' dir='ltr'><strong><em>πόρο-</em></strong></span> 
     </span>
     <span class='ocr_line' id='line_1_12' title="bbox 236 1463 1279 1558; baseline 0.004 -22"><span class='ocrx_word' id='word_1_98' title='bbox 236 1499 291 1555; x_wconf 76' lang='grc' dir='ltr'>χος</span> <span class='ocrx_word' id='word_1_99' title='bbox 306 1473 336 1537; x_wconf 81' lang='grc' dir='ltr'>δέ</span> <span class='ocrx_word' id='word_1_100' title='bbox 350 1473 400 1536; x_wconf 86' lang='grc' dir='ltr'>καλ</span> <span class='ocrx_word' id='word_1_101' title='bbox 411 1465 614 1553; x_wconf 69' lang='grc' dir='ltr'><strong><em>νυμφαγωγός</em></strong></span> <span class='ocrx_word' id='word_1_102' title='bbox 623 1463 816 1547; x_wconf 82' lang='grc' dir='ltr'><strong><em>Ἡφαιστίων</em></strong></span> <span class='ocrx_word' id='word_1_103' title='bbox 828 1471 1018 1551; x_wconf 83' lang='grc' dir='ltr'><strong><em>συμπαρέστη</em></strong></span> <span class='ocrx_word' id='word_1_104' title='bbox 1031 1474 1075 1551; x_wconf 81' lang='lat'>²),</span> <span class='ocrx_word' id='word_1_105' title='bbox 1099 1475 1177 1558; x_wconf 78' lang='grc' dir='ltr'><strong><em>δᾷδα</em></strong></span> <span class='ocrx_word' id='word_1_106' title='bbox 1191 1500 1279 1540; x_wconf 84' lang='grc' dir='ltr'><strong><em>καιο·</em></strong></span> 
     </span>
     <span class='ocr_line' id='line_1_13' title="bbox 237 1566 1276 1658; baseline 0.002 -19"><span class='ocrx_word' id='word_1_107' title='bbox 237 1577 331 1658; x_wconf 88' lang='grc' dir='ltr'><strong><em>μένην</em></strong></span> <span class='ocrx_word' id='word_1_108' title='bbox 344 1576 428 1656; x_wconf 70' lang='grc' dir='ltr'><strong><em>ἔχων,</em></strong></span> <span class='ocrx_word' id='word_1_109' title='bbox 452 1574 597 1656; x_wconf 82' lang='grc' dir='ltr'><strong><em>μειρακίῳ</em></strong></span> <span class='ocrx_word' id='word_1_110' title='bbox 610 1566 693 1633; x_wconf 83' lang='grc' dir='ltr'><strong><em>πόνο</em></strong></span> <span class='ocrx_word' id='word_1_111' title='bbox 707 1567 807 1655; x_wconf 77' lang='grc' dir='ltr'><strong><em>ὡραίῳ</em></strong></span> <span class='ocrx_word' id='word_1_112' title='bbox 822 1569 1057 1654; x_wconf 77' lang='grc' dir='ltr'><strong><em>ἐπερειδόμενος.</em></strong></span> <span class='ocrx_word' id='word_1_113' title='bbox 1096 1569 1276 1657; x_wconf 63' lang='grc' dir='ltr'><strong><em>Ὑμέναιος,</em></strong></span> 
     </span>
     <span class='ocr_line' id='line_1_14' title="bbox 238 1669 1276 1759; baseline 0.003 -18"><span class='ocrx_word' id='word_1_114' title='bbox 238 1675 338 1757; x_wconf 86' lang='grc' dir='ltr'><strong><em>οἰμαί,</em></strong></span> <span class='ocrx_word' id='word_1_115' title='bbox 362 1678 448 1740; x_wconf 88' lang='grc' dir='ltr'><strong><em>έστιν.</em></strong></span> <span class='ocrx_word' id='word_1_116' title='bbox 473 1669 509 1741; x_wconf 76' lang='grc' dir='ltr'>οὔ</span> <span class='ocrx_word' id='word_1_117' title='bbox 527 1671 584 1758; x_wconf 75' lang='grc' dir='ltr'>γὰρ</span> <span class='ocrx_word' id='word_1_118' title='bbox 600 1674 797 1757; x_wconf 73' lang='grc' dir='ltr'><strong><em>ἐπεγέγραπτο</em></strong></span> <span class='ocrx_word' id='word_1_119' title='bbox 813 1673 955 1756; x_wconf 76' lang='grc' dir='ltr'><strong><em>τοῦνομα.</em></strong></span> <span class='ocrx_word' id='word_1_120' title='bbox 978 1677 1102 1755; x_wconf 76' lang='grc' dir='ltr'><strong><em>ἑτέρωθι</em></strong></span> <span class='ocrx_word' id='word_1_121' title='bbox 1118 1677 1150 1741; x_wconf 77' lang='grc' dir='ltr'>δέ</span> <span class='ocrx_word' id='word_1_122' title='bbox 1165 1685 1220 1759; x_wconf 79' lang='grc' dir='ltr'><strong><em>τῆς</em></strong></span> <span class='ocrx_word' id='word_1_123' title='bbox 1234 1681 1276 1744; x_wconf 78' lang='grc' dir='ltr'>εἰ·</span> 
     </span>
     <span class='ocr_line' id='line_1_15' title="bbox 236 1773 1275 1865; baseline 0 -20"><span class='ocrx_word' id='word_1_124' title='bbox 236 1777 345 1858; x_wconf 88' lang='grc' dir='ltr'><strong><em>κόνος,</em></strong></span> <span class='ocrx_word' id='word_1_125' title='bbox 368 1777 452 1843; x_wconf 76' lang='grc' dir='ltr'><strong><em>ἄλλοι</em></strong></span> <span class='ocrx_word' id='word_1_126' title='bbox 467 1780 571 1859; x_wconf 69' lang='grc' dir='ltr'><strong><em>ἔρωτες</em></strong></span> <span class='ocrx_word' id='word_1_127' title='bbox 584 1780 743 1850; x_wconf 83' lang='grc' dir='ltr'><strong><em>παίζουσιν</em></strong></span> <span class='ocrx_word' id='word_1_128' title='bbox 758 1779 790 1842; x_wconf 84' lang='grc' dir='ltr'>έν</span> <span class='ocrx_word' id='word_1_129' title='bbox 802 1788 865 1855; x_wconf 86' lang='grc' dir='ltr'><strong><em>τοῖς</em></strong></span> <span class='ocrx_word' id='word_1_130' title='bbox 880 1777 984 1855; x_wconf 80' lang='grc' dir='ltr'><strong><em>ὅπλοις</em></strong></span> <span class='ocrx_word' id='word_1_131' title='bbox 995 1785 1049 1844; x_wconf 84' lang='grc' dir='ltr'><strong><em>τοῦ</em></strong></span> <span class='ocrx_word' id='word_1_132' title='bbox 1056 1773 1275 1865; x_wconf 72' lang='grc' dir='ltr'><strong><em>Ἀλεξάνδρου·</em></strong></span> 
     </span>
     <span class='ocr_line' id='line_1_16' title="bbox 236 1871 1277 1965; baseline 0.001 -17"><span class='ocrx_word' id='word_1_133' title='bbox 236 1879 276 1948; x_wconf 82' lang='lat' dir='ltr'>dd</span> <span class='ocrx_word' id='word_1_134' title='bbox 280 1909 296 1947; x_wconf 96' lang='grc' dir='ltr'><strong><em>ο</em></strong></span> <span class='ocrx_word' id='word_1_135' title='bbox 313 1882 365 1963; x_wconf 81' lang='grc' dir='ltr'><strong><em>μέν</em></strong></span> <span class='ocrx_word' id='word_1_136' title='bbox 379 1879 436 1963; x_wconf 76' lang='grc' dir='ltr'><strong><em>τὴν</em></strong></span> <span class='ocrx_word' id='word_1_137' title='bbox 451 1877 561 1964; x_wconf 82' lang='grc' dir='ltr'><strong><em>λόγχην</em></strong></span> <span class='ocrx_word' id='word_1_138' title='bbox 574 1871 670 1944; x_wconf 72' lang='grc' dir='ltr'><strong><em>αὐτοῦ</em></strong></span> <span class='ocrx_word' id='word_1_139' title='bbox 683 1880 834 1962; x_wconf 81' lang='grc' dir='ltr'><strong><em>φέροντες,</em></strong></span> <span class='ocrx_word' id='word_1_140' title='bbox 859 1880 1037 1965; x_wconf 79' lang='grc' dir='ltr'><strong><em>μιμούμενοι</em></strong></span> <span class='ocrx_word' id='word_1_141' title='bbox 1047 1879 1118 1956; x_wconf 83' lang='grc' dir='ltr'><strong><em>τοδς</em></strong></span> <span class='ocrx_word' id='word_1_142' title='bbox 1130 1876 1277 1964; x_wconf 80' lang='grc' dir='ltr'><strong><em>ἆχδοφό·</em></strong></span> 
     </span>
     <span class='ocr_line' id='line_1_17' title="bbox 235 1978 1275 2070; baseline 0.003 -21"><span class='ocrx_word' id='word_1_143' title='bbox 235 2010 311 2070; x_wconf 87' lang='grc' dir='ltr'><strong><em>ρους</em></strong></span> <span class='ocrx_word' id='word_1_144' title='bbox 318 2026 327 2057; x_wconf 85' lang='lat'>‚</span> <span class='ocrx_word' id='word_1_145' title='bbox 350 1978 444 2049; x_wconf 81' lang='grc' dir='ltr'><strong><em>ὁπότε</em></strong></span> <span class='ocrx_word' id='word_1_146' title='bbox 459 1980 554 2048; x_wconf 86' lang='grc' dir='ltr'><strong><em>δοκόν</em></strong></span> <span class='ocrx_word' id='word_1_147' title='bbox 577 1982 719 2063; x_wconf 81' lang='grc' dir='ltr'><strong><em>φέροντες</em></strong></span> <span class='ocrx_word' id='word_1_148' title='bbox 732 1987 874 2067; x_wconf 84' lang='grc' dir='ltr'><strong><em>βαροῖντο</em></strong></span> <span class='ocrx_word' id='word_1_149' title='bbox 892 1988 939 2063; x_wconf 75' lang='lat'>⁸).</span> <span class='ocrx_word' id='word_1_150' title='bbox 963 1981 1047 2050; x_wconf 78' lang='grc' dir='ltr'><strong><em>δ’λλοι</em></strong></span> <span class='ocrx_word' id='word_1_151' title='bbox 1061 1985 1094 2055; x_wconf 79' lang='grc' dir='ltr'>δὲ</span> <span class='ocrx_word' id='word_1_152' title='bbox 1112 1982 1191 2065; x_wconf 78' lang='grc' dir='ltr'><strong><em>δύο,</em></strong></span> <span class='ocrx_word' id='word_1_153' title='bbox 1219 1986 1275 2053; x_wconf 67' lang='grc' dir='ltr'><strong><em>ἕνα</em></strong></span> 
     </span>
    </p>
   </div>
   <div class='ocr_carea' id='block_1_3' title="bbox 151 2145 1283 2575">
    <p class='ocr_par' dir='ltr' id='par_1_4' title="bbox 151 2145 1283 2575">
     <span class='ocr_line' id='line_1_18' title="bbox 151 2145 1272 2226; baseline 0.007 -23"><span class='ocrx_word' id='word_1_154' title='bbox 151 2148 158 2165; x_wconf 86' lang='grc'><strong>”</strong></span> <span class='ocrx_word' id='word_1_155' title='bbox 268 2155 304 2226; x_wconf 83' lang='lat' dir='ltr'>y)</span> <span class='ocrx_word' id='word_1_156' title='bbox 322 2151 545 2221; x_wconf 82' lang='grc' dir='ltr'><strong><em>αἰδουμένη]</em></strong></span> <span class='ocrx_word' id='word_1_157' title='bbox 564 2145 601 2212; x_wconf 74' lang='grc' dir='ltr'>ὥς</span> <span class='ocrx_word' id='word_1_158' title='bbox 613 2146 649 2204; x_wconf 74' lang='lat' dir='ltr'>dv</span> <span class='ocrx_word' id='word_1_159' title='bbox 669 2147 822 2219; x_wconf 82' lang='grc' dir='ltr'><strong><em>αἰδουμένη</em></strong></span> <span class='ocrx_word' id='word_1_160' title='bbox 841 2155 914 2217; x_wconf 81' lang='lat' dir='ltr'>conj.</span> <span class='ocrx_word' id='word_1_161' title='bbox 927 2157 1032 2207; x_wconf 74' lang='lat' dir='ltr'>Jacobs.</span> <span class='ocrx_word' id='word_1_162' title='bbox 1056 2155 1146 2208; x_wconf 84' lang='lat' dir='ltr'>bellus</span> <span class='ocrx_word' id='word_1_163' title='bbox 1160 2156 1272 2225; x_wconf 70' lang='lat' dir='ltr'>ingenii</span> 
     </span>
     <span class='ocr_line' id='line_1_19' title="bbox 300 2219 1272 2291; baseline 0.003 -15"><span class='ocrx_word' id='word_1_164' title='bbox 300 2224 394 2290; x_wconf 85' lang='lat' dir='ltr'>lusus,</span> <span class='ocrx_word' id='word_1_165' title='bbox 413 2224 448 2275; x_wconf 92' lang='lat' dir='ltr'>oh</span> <span class='ocrx_word' id='word_1_166' title='bbox 464 2222 632 2290; x_wconf 81' lang='lat' dir='ltr'>posteriores</span> <span class='ocrx_word' id='word_1_167' title='bbox 645 2220 722 2271; x_wconf 78' lang='lat' dir='ltr'>vocis</span> <span class='ocrx_word' id='word_1_168' title='bbox 736 2222 927 2287; x_wconf 77' lang='lat' dir='ltr'>praecedentis</span> <span class='ocrx_word' id='word_1_169' title='bbox 943 2219 1037 2291; x_wconf 71' lang='grc' dir='ltr'><strong><em>ὁρῶσα</em></strong></span> <span class='ocrx_word' id='word_1_170' title='bbox 1050 2225 1155 2277; x_wconf 75' lang='lat' dir='ltr'>literas.</span> <span class='ocrx_word' id='word_1_171' title='bbox 1192 2226 1272 2281; x_wconf 81' lang='lat' dir='ltr'>Mihi</span> 
     </span>
     <span class='ocr_line' id='line_1_20' title="bbox 300 2290 1268 2366; baseline 0.006 -22"><span class='ocrx_word' id='word_1_172' title='bbox 300 2294 413 2362; x_wconf 85' lang='lat' dir='ltr'>quidem</span> <span class='ocrx_word' id='word_1_173' title='bbox 425 2309 491 2342; x_wconf 83' lang='lat' dir='ltr'>sena</span> <span class='ocrx_word' id='word_1_174' title='bbox 504 2290 642 2353; x_wconf 84' lang='lat' dir='ltr'>videntur,</span> <span class='ocrx_word' id='word_1_175' title='bbox 652 2305 722 2357; x_wconf 80' lang='lat' dir='ltr'>quae</span> <span class='ocrx_word' id='word_1_176' title='bbox 736 2290 849 2359; x_wconf 80' lang='lat' dir='ltr'>vulgata</span> <span class='ocrx_word' id='word_1_177' title='bbox 860 2302 933 2344; x_wconf 87' lang='lat' dir='ltr'>sunt.</span> <span class='ocrx_word' id='word_1_178' title='bbox 972 2297 1001 2360; x_wconf 87' lang='lat' dir='ltr'>z)</span> <span class='ocrx_word' id='word_1_179' title='bbox 1022 2292 1268 2366; x_wconf 78' lang='grc' dir='ltr'><strong><em>ουμτιαρὲστη]</em></strong></span> 
     </span>
     <span class='ocr_line' id='line_1_21' title="bbox 298 2357 1270 2435; baseline 0.005 -22"><span class='ocrx_word' id='word_1_180' title='bbox 298 2361 468 2429; x_wconf 80' lang='grc' dir='ltr'><strong><em>συμπάρεστι</em></strong></span> <span class='ocrx_word' id='word_1_181' title='bbox 484 2361 558 2424; x_wconf 87' lang='lat' dir='ltr'>conj.</span> <span class='ocrx_word' id='word_1_182' title='bbox 573 2362 680 2426; x_wconf 76' lang='lat' dir='ltr'>Seager.</span> <span class='ocrx_word' id='word_1_183' title='bbox 699 2357 786 2410; x_wconf 81' lang='lat' dir='ltr'>Closs.</span> <span class='ocrx_word' id='word_1_184' title='bbox 800 2363 982 2414; x_wconf 77' lang='lat' dir='ltr'>JournFnsc.</span> <span class='ocrx_word' id='word_1_185' title='bbox 992 2366 1068 2416; x_wconf 82' lang='lat' dir='ltr'>XIII.</span> <span class='ocrx_word' id='word_1_186' title='bbox 1084 2382 1111 2433; x_wconf 92' lang='lat' dir='ltr'>p.</span> <span class='ocrx_word' id='word_1_187' title='bbox 1122 2381 1165 2432; x_wconf 78' lang='lat'>75.</span> <span class='ocrx_word' id='word_1_188' title='bbox 1181 2382 1270 2435; x_wconf 83' lang='lat' dir='ltr'>quur-</span> 
     </span>
     <span class='ocr_line' id='line_1_22' title="bbox 298 2428 1280 2501; baseline 0.006 -19"><span class='ocrx_word' id='word_1_189' title='bbox 298 2450 378 2495; x_wconf 87' lang='lat' dir='ltr'>sum,</span> <span class='ocrx_word' id='word_1_190' title='bbox 404 2449 463 2482; x_wconf 89' lang='lat' dir='ltr'>non</span> <span class='ocrx_word' id='word_1_191' title='bbox 483 2431 573 2481; x_wconf 88' lang='lat' dir='ltr'>video.</span> <span class='ocrx_word' id='word_1_192' title='bbox 609 2430 670 2479; x_wconf 74' lang='lat' dir='ltr'>Iino</span> <span class='ocrx_word' id='word_1_193' title='bbox 688 2428 762 2495; x_wconf 88' lang='lat' dir='ltr'>quod</span> <span class='ocrx_word' id='word_1_194' title='bbox 782 2432 858 2478; x_wconf 76' lang='lat' dir='ltr'>stetit</span> <span class='ocrx_word' id='word_1_195' title='bbox 880 2431 1085 2499; x_wconf 82' lang='lat' dir='ltr'>Hephaestion,</span> <span class='ocrx_word' id='word_1_196' title='bbox 1103 2435 1280 2501; x_wconf 77' lang='lat' dir='ltr'>Hymenaeo·</span> 
     </span>
     <span class='ocr_line' id='line_1_23' title="bbox 298 2496 1283 2575; baseline 0.008 -22"><span class='ocrx_word' id='word_1_197' title='bbox 298 2501 425 2568; x_wconf 83' lang='lat' dir='ltr'>innixus,</span> <span class='ocrx_word' id='word_1_198' title='bbox 445 2498 625 2568; x_wconf 81' lang='lat' dir='ltr'>aptiusduco</span> <span class='ocrx_word' id='word_1_199' title='bbox 640 2496 721 2575; x_wconf 72' lang='lat' dir='ltr'>hujus</span> <span class='ocrx_word' id='word_1_200' title='bbox 734 2497 847 2549; x_wconf 78' lang='lat' dir='ltr'>tabulae</span> <span class='ocrx_word' id='word_1_201' title='bbox 858 2498 956 2554; x_wconf 84' lang='lat' dir='ltr'>indoli.</span> <span class='ocrx_word' id='word_1_202' title='bbox 1011 2513 1044 2570; x_wconf 80' lang='lat' dir='ltr'>e)</span> <span class='ocrx_word' id='word_1_203' title='bbox 1063 2504 1156 2572; x_wconf 69' lang='grc' dir='ltr'><strong><em>βαρο</em></strong></span> <span class='ocrx_word' id='word_1_204' title='bbox 1166 2502 1283 2575; x_wconf 63' lang='lat' dir='ltr'>ideo}</span> 
     </span>
    </p>
   </div>
   <div class='ocr_carea' id='block_1_4' title="bbox 223 2659 1312 4181">
    <p class='ocr_par' dir='ltr' id='par_1_5' title="bbox 223 2659 1312 4181">
     <span class='ocr_line' id='line_1_24' title="bbox 229 2659 1267 2745; baseline 0.001 -17"><span class='ocrx_word' id='word_1_205' title='bbox 229 2664 310 2728; x_wconf 87' lang='lat' dir='ltr'>illud</span> <span class='ocrx_word' id='word_1_206' title='bbox 341 2662 491 2738; x_wconf 87' lang='lat' dir='ltr'>Aetioni,</span> <span class='ocrx_word' id='word_1_207' title='bbox 536 2682 602 2721; x_wconf 89' lang='lat' dir='ltr'>non</span> <span class='ocrx_word' id='word_1_208' title='bbox 640 2659 722 2735; x_wconf 85' lang='lat' dir='ltr'>civi,</span> <span class='ocrx_word' id='word_1_209' title='bbox 767 2661 1267 2745; x_wconf 70' lang='lat' dir='ltr'>recumbatcupidoeliuslte-</span> 
     </span>
     <span class='ocr_line' id='line_1_25' title="bbox 227 2745 1265 2831; baseline 0.003 -19"><span class='ocrx_word' id='word_1_210' title='bbox 227 2753 360 2831; x_wconf 77' lang='lat' dir='ltr'><strong>nuptias</strong></span> <span class='ocrx_word' id='word_1_211' title='bbox 397 2749 486 2807; x_wconf 80' lang='lat' dir='ltr'>filine·</span> <span class='ocrx_word' id='word_1_212' title='bbox 512 2745 723 2807; x_wconf 78' lang='lat' dir='ltr'>conciliaret?</span> <span class='ocrx_word' id='word_1_213' title='bbox 767 2765 808 2804; x_wconf 87' lang='lat' dir='ltr'>na</span> <span class='ocrx_word' id='word_1_214' title='bbox 831 2747 1020 2824; x_wconf 85' lang='lat' dir='ltr'>prehensum</span> <span class='ocrx_word' id='word_1_215' title='bbox 1044 2749 1265 2815; x_wconf 78' lang='lat' dir='ltr'>Alexandrum</span> 
     </span>
     <span class='ocr_line' id='line_1_26' title="bbox 226 2829 1266 2913; baseline 0.003 -18"><span class='ocrx_word' id='word_1_216' title='bbox 226 2839 288 2896; x_wconf 81' lang='lat' dir='ltr'>Est</span> <span class='ocrx_word' id='word_1_217' title='bbox 310 2836 365 2894; x_wconf 91' lang='lat' dir='ltr'>illa</span> <span class='ocrx_word' id='word_1_218' title='bbox 387 2832 531 2910; x_wconf 76' lang='lat' dir='ltr'>(tabule)</span> <span class='ocrx_word' id='word_1_219' title='bbox 554 2832 588 2889; x_wconf 85' lang='lat' dir='ltr'>in</span> <span class='ocrx_word' id='word_1_220' title='bbox 611 2830 722 2904; x_wconf 78' lang='lat' dir='ltr'>Italia,</span> <span class='ocrx_word' id='word_1_221' title='bbox 768 2829 1266 2913; x_wconf 80' lang='lat' dir='ltr'>trahitversusRoxenem,eon·</span> 
     </span>
     <span class='ocr_line' id='line_1_27' title="bbox 228 2914 1266 3000; baseline -0.002 -19"><span class='ocrx_word' id='word_1_222' title='bbox 228 2921 347 3000; x_wconf 87' lang='lat' dir='ltr'>etipse</span> <span class='ocrx_word' id='word_1_223' title='bbox 370 2942 436 2980; x_wconf 88' lang='lat' dir='ltr'>eam</span> <span class='ocrx_word' id='word_1_224' title='bbox 459 2916 545 2992; x_wconf 87' lang='lat' dir='ltr'>vidi,</span> <span class='ocrx_word' id='word_1_225' title='bbox 569 2930 606 2975; x_wconf 90' lang='lat' dir='ltr'>ut</span> <span class='ocrx_word' id='word_1_226' title='bbox 626 2915 722 2975; x_wconf 79' lang='lat' dir='ltr'>etiem</span> <span class='ocrx_word' id='word_1_227' title='bbox 766 2914 861 2973; x_wconf 84' lang='lat' dir='ltr'>nixus</span> <span class='ocrx_word' id='word_1_228' title='bbox 876 2916 1080 2978; x_wconf 83' lang='lat' dir='ltr'>validissime.</span> <span class='ocrx_word' id='word_1_229' title='bbox 1120 2919 1194 2980; x_wconf 85' lang='lat' dir='ltr'>Rex</span> <span class='ocrx_word' id='word_1_230' title='bbox 1210 2944 1266 2983; x_wconf 79' lang='lat' dir='ltr'>eu.</span> 
     </span>
     <span class='ocr_line' id='line_1_28' title="bbox 227 2999 1263 3082; baseline 0.001 -17"><span class='ocrx_word' id='word_1_231' title='bbox 227 3026 355 3065; x_wconf 81' lang='lat' dir='ltr'>narrare</span> <span class='ocrx_word' id='word_1_232' title='bbox 379 3005 440 3064; x_wconf 87' lang='lat' dir='ltr'>tibi</span> <span class='ocrx_word' id='word_1_233' title='bbox 463 3003 593 3082; x_wconf 88' lang='lat' dir='ltr'>possim.</span> <span class='ocrx_word' id='word_1_234' title='bbox 638 2999 722 3057; x_wconf 84' lang='lat' dir='ltr'>The·</span> <span class='ocrx_word' id='word_1_235' title='bbox 765 3012 827 3059; x_wconf 88' lang='lat' dir='ltr'>tem</span> <span class='ocrx_word' id='word_1_236' title='bbox 856 3000 923 3081; x_wconf 89' lang='lat' dir='ltr'>ipse</span> <span class='ocrx_word' id='word_1_237' title='bbox 955 3002 1081 3081; x_wconf 86' lang='lat' dir='ltr'>quidem</span> <span class='ocrx_word' id='word_1_238' title='bbox 1110 3024 1263 3075; x_wconf 68' lang='lat' dir='ltr'>cononem</span> 
     </span>
     <span class='ocr_line' id='line_1_29' title="bbox 225 3082 1263 3167; baseline 0.001 -18"><span class='ocrx_word' id='word_1_239' title='bbox 225 3095 327 3150; x_wconf 81' lang='lat' dir='ltr'>lamus</span> <span class='ocrx_word' id='word_1_240' title='bbox 350 3104 397 3147; x_wconf 89' lang='lat' dir='ltr'>est</span> <span class='ocrx_word' id='word_1_241' title='bbox 416 3085 666 3167; x_wconf 72' lang='lat' dir='ltr'>pulcherrimus,</span> <span class='ocrx_word' id='word_1_242' title='bbox 691 3095 723 3142; x_wconf 88' lang='lat' dir='ltr'>et</span> <span class='ocrx_word' id='word_1_243' title='bbox 767 3082 860 3143; x_wconf 82' lang='lat' dir='ltr'>offert</span> <span class='ocrx_word' id='word_1_244' title='bbox 882 3090 1016 3165; x_wconf 86' lang='lat' dir='ltr'>puellae.</span> <span class='ocrx_word' id='word_1_245' title='bbox 1062 3087 1177 3149; x_wconf 79' lang='lat' dir='ltr'>comes</span> <span class='ocrx_word' id='word_1_246' title='bbox 1201 3112 1263 3151; x_wconf 79' lang='lat' dir='ltr'>eu·-</span> 
     </span>
     <span class='ocr_line' id='line_1_30' title="bbox 224 3165 1262 3252; baseline -0.002 -17"><span class='ocrx_word' id='word_1_247' title='bbox 224 3179 328 3235; x_wconf 86' lang='lat' dir='ltr'>leetus</span> <span class='ocrx_word' id='word_1_248' title='bbox 352 3170 526 3251; x_wconf 84' lang='lat' dir='ltr'>nuptialis:</span> <span class='ocrx_word' id='word_1_249' title='bbox 550 3183 582 3228; x_wconf 92' lang='lat' dir='ltr'>et</span> <span class='ocrx_word' id='word_1_250' title='bbox 604 3165 723 3226; x_wconf 81' lang='lat' dir='ltr'><strong>assidet</strong></span> <span class='ocrx_word' id='word_1_251' title='bbox 764 3179 826 3226; x_wconf 86' lang='lat' dir='ltr'>tem</span> <span class='ocrx_word' id='word_1_252' title='bbox 845 3183 876 3228; x_wconf 86' lang='lat' dir='ltr'>et</span> <span class='ocrx_word' id='word_1_253' title='bbox 895 3169 1051 3231; x_wconf 87' lang='lat' dir='ltr'>deductor</span> <span class='ocrx_word' id='word_1_254' title='bbox 1067 3175 1179 3252; x_wconf 85' lang='lat' dir='ltr'>sponsi</span> <span class='ocrx_word' id='word_1_255' title='bbox 1196 3178 1262 3239; x_wconf 77' lang='lat' dir='ltr'>He·</span> 
     </span>
     <span class='ocr_line' id='line_1_31' title="bbox 224 3249 1261 3336; baseline 0.006 -18"><span class='ocrx_word' id='word_1_256' title='bbox 224 3260 362 3318; x_wconf 84' lang='lat' dir='ltr'>Roxane</span> <span class='ocrx_word' id='word_1_257' title='bbox 380 3256 475 3336; x_wconf 67' lang='lat' dir='ltr'>virgo</span> <span class='ocrx_word' id='word_1_258' title='bbox 489 3250 633 3329; x_wconf 85' lang='lat' dir='ltr'>undique</span> <span class='ocrx_word' id='word_1_259' title='bbox 651 3252 721 3328; x_wconf 85' lang='lat' dir='ltr'>pul·</span> <span class='ocrx_word' id='word_1_260' title='bbox 764 3249 934 3330; x_wconf 81' lang='lat' dir='ltr'>pheestion</span> <span class='ocrx_word' id='word_1_261' title='bbox 950 3276 1012 3314; x_wconf 82' lang='lat' dir='ltr'>uon</span> <span class='ocrx_word' id='word_1_262' title='bbox 1029 3255 1143 3333; x_wconf 82' lang='lat' dir='ltr'>adstet,</span> <span class='ocrx_word' id='word_1_263' title='bbox 1159 3261 1261 3323; x_wconf 78' lang='lat' dir='ltr'>fecem</span> 
     </span>
     <span class='ocr_line' id='line_1_32' title="bbox 225 3333 1261 3423; baseline -0.002 -23"><span class='ocrx_word' id='word_1_264' title='bbox 225 3342 395 3417; x_wconf 85' lang='lat' dir='ltr'>cherrima,</span> <span class='ocrx_word' id='word_1_265' title='bbox 419 3337 508 3399; x_wconf 89' lang='lat' dir='ltr'>humi</span> <span class='ocrx_word' id='word_1_266' title='bbox 527 3335 648 3396; x_wconf 78' lang='lat' dir='ltr'>defixos</span> <span class='ocrx_word' id='word_1_267' title='bbox 666 3333 720 3390; x_wconf 81' lang='lat' dir='ltr'>ha·</span> <span class='ocrx_word' id='word_1_268' title='bbox 764 3333 925 3409; x_wconf 72' lang='lat' dir='ltr'>npdentem</span> <span class='ocrx_word' id='word_1_269' title='bbox 940 3360 1069 3420; x_wconf 84' lang='lat' dir='ltr'>gerens,</span> <span class='ocrx_word' id='word_1_270' title='bbox 1095 3345 1261 3423; x_wconf 65' lang='lat' dir='ltr'>pueroins</span> 
     </span>
     <span class='ocr_line' id='line_1_33' title="bbox 224 3418 1262 3511; baseline 0.002 -27"><span class='ocrx_word' id='word_1_271' title='bbox 224 3425 300 3487; x_wconf 82' lang='lat' dir='ltr'>bens</span> <span class='ocrx_word' id='word_1_272' title='bbox 314 3429 435 3498; x_wconf 84' lang='lat' dir='ltr'>oculos,</span> <span class='ocrx_word' id='word_1_273' title='bbox 459 3419 580 3503; x_wconf 88' lang='lat' dir='ltr'>pudore</span> <span class='ocrx_word' id='word_1_274' title='bbox 593 3418 721 3492; x_wconf 65' lang='lat' dir='ltr'>edsten÷</span> <span class='ocrx_word' id='word_1_275' title='bbox 764 3418 861 3481; x_wconf 84' lang='lat' dir='ltr'>nixus</span> <span class='ocrx_word' id='word_1_276' title='bbox 895 3426 1138 3491; x_wconf 83' lang='lat' dir='ltr'>formosissimo.</span> <span class='ocrx_word' id='word_1_277' title='bbox 1173 3424 1262 3511; x_wconf 75' lang='lat' dir='ltr'>&#39;Hy&#39;-</span> 
     </span>
     <span class='ocr_line' id='line_1_34' title="bbox 223 3503 1265 3597; baseline 0.003 -28"><span class='ocrx_word' id='word_1_278' title='bbox 223 3510 266 3569; x_wconf 88' lang='lat' dir='ltr'>tis</span> <span class='ocrx_word' id='word_1_279' title='bbox 302 3506 487 3570; x_wconf 79' lang='lat' dir='ltr'><strong>Alexandri.</strong></span> <span class='ocrx_word' id='word_1_280' title='bbox 540 3503 719 3583; x_wconf 78' lang='lat' dir='ltr'>Cupidines</span> <span class='ocrx_word' id='word_1_281' title='bbox 763 3524 920 3583; x_wconf 77' lang='lat' dir='ltr'>menaeus,</span> <span class='ocrx_word' id='word_1_282' title='bbox 944 3522 1131 3589; x_wconf 79' lang='lat' dir='ltr'>puto,&#39;est3</span> <span class='ocrx_word' id='word_1_283' title='bbox 1155 3522 1265 3597; x_wconf 70' lang='lat' dir='ltr'>neque</span> 
     </span>
     <span class='ocr_line' id='line_1_35' title="bbox 225 3589 1260 3675; baseline 0.007 -21"><span class='ocrx_word' id='word_1_284' title='bbox 225 3609 330 3654; x_wconf 82' lang='lat' dir='ltr'>autem</span> <span class='ocrx_word' id='word_1_285' title='bbox 358 3590 489 3674; x_wconf 84' lang='lat' dir='ltr'>quidam</span> <span class='ocrx_word' id='word_1_286' title='bbox 517 3589 716 3664; x_wconf 81' lang='lat' dir='ltr'>renidentes,</span> <span class='ocrx_word' id='word_1_287' title='bbox 764 3593 849 3650; x_wconf 83' lang='lat' dir='ltr'>enim</span> <span class='ocrx_word' id='word_1_288' title='bbox 864 3591 1056 3675; x_wconf 80' lang='lat' dir='ltr'>adscriptum</span> <span class='ocrx_word' id='word_1_289' title='bbox 1073 3608 1260 3661; x_wconf 80' lang='lat' dir='ltr'>estnomen.</span> 
     </span>
     <span class='ocr_line' id='line_1_36' title="bbox 225 3670 1260 3766; baseline 0.003 -30"><span class='ocrx_word' id='word_1_290' title='bbox 225 3681 305 3737; x_wconf 76' lang='lat' dir='ltr'>ulter</span> <span class='ocrx_word' id='word_1_291' title='bbox 322 3677 449 3759; x_wconf 87' lang='lat' dir='ltr'>quidem</span> <span class='ocrx_word' id='word_1_292' title='bbox 467 3696 483 3734; x_wconf 89' lang='lat' dir='ltr'>a</span> <span class='ocrx_word' id='word_1_293' title='bbox 500 3689 596 3757; x_wconf 44' lang='lat' dir='ltr'>tergo·</span> <span class='ocrx_word' id='word_1_294' title='bbox 609 3674 719 3732; x_wconf 83' lang='lat' dir='ltr'>immi·</span> <span class='ocrx_word' id='word_1_295' title='bbox 762 3670 802 3729; x_wconf 88' lang='lat' dir='ltr'>In</span> <span class='ocrx_word' id='word_1_296' title='bbox 817 3680 913 3737; x_wconf 81' lang='lat' dir='ltr'>altere</span> <span class='ocrx_word' id='word_1_297' title='bbox 929 3694 1032 3740; x_wconf 86' lang='lat' dir='ltr'>autem</span> <span class='ocrx_word' id='word_1_298' title='bbox 1046 3682 1176 3742; x_wconf 82' lang='lat' dir='ltr'>tabulae</span> <span class='ocrx_word' id='word_1_299' title='bbox 1190 3702 1260 3766; x_wconf 77' lang='lat' dir='ltr'>ptr.</span> 
     </span>
     <span class='ocr_line' id='line_1_37' title="bbox 223 3757 1312 3842; baseline 0.008 -22"><span class='ocrx_word' id='word_1_300' title='bbox 223 3781 318 3836; x_wconf 87' lang='lat' dir='ltr'>nens,</span> <span class='ocrx_word' id='word_1_301' title='bbox 341 3757 719 3842; x_wconf 83' lang='lat' dir='ltr'>reducitaeepiteflam.</span> <span class='ocrx_word' id='word_1_302' title='bbox 764 3768 813 3836; x_wconf 86' lang='lat' dir='ltr'>te,</span> <span class='ocrx_word' id='word_1_303' title='bbox 846 3760 1025 3841; x_wconf 83' lang='lat' dir='ltr'>Cupidines</span> <span class='ocrx_word' id='word_1_304' title='bbox 1052 3766 1261 3829; x_wconf 76' lang='lat' dir='ltr'>eliiiususe·</span> <span class='ocrx_word' id='word_1_305' title='bbox 1310 3780 1312 3785; x_wconf 88' lang='lat'>&#39;</span> 
     </span>
     <span class='ocr_line' id='line_1_38' title="bbox 224 3842 1264 3933; baseline 0.008 -30"><span class='ocrx_word' id='word_1_306' title='bbox 224 3867 343 3920; x_wconf 86' lang='lat' dir='ltr'>meum,</span> <span class='ocrx_word' id='word_1_307' title='bbox 384 3842 591 3926; x_wconf 76' lang='lat' dir='ltr'>ostenditque</span> <span class='ocrx_word' id='word_1_308' title='bbox 612 3845 720 3902; x_wconf 84' lang='lat' dir='ltr'>Roxa-</span> <span class='ocrx_word' id='word_1_309' title='bbox 764 3861 844 3926; x_wconf 84' lang='lat' dir='ltr'>gunt</span> <span class='ocrx_word' id='word_1_310' title='bbox 872 3847 905 3904; x_wconf 92' lang='lat' dir='ltr'>in</span> <span class='ocrx_word' id='word_1_311' title='bbox 937 3849 1030 3908; x_wconf 86' lang='lat' dir='ltr'>ermis</span> <span class='ocrx_word' id='word_1_312' title='bbox 1060 3851 1264 3933; x_wconf 80' lang='lat' dir='ltr'>Alexandri,-</span> 
     </span>
     <span class='ocr_line' id='line_1_39' title="bbox 223 3928 1262 4011; baseline 0.01 -24"><span class='ocrx_word' id='word_1_313' title='bbox 223 3950 287 3987; x_wconf 92' lang='lat' dir='ltr'>nen</span> <span class='ocrx_word' id='word_1_314' title='bbox 318 3948 447 4009; x_wconf 89' lang='lat' dir='ltr'>sponso.</span> <span class='ocrx_word' id='word_1_315' title='bbox 493 3930 586 3988; x_wconf 86' lang='lat' dir='ltr'>Alius</span> <span class='ocrx_word' id='word_1_316' title='bbox 616 3943 720 3988; x_wconf 84' lang='lat' dir='ltr'>eutem</span> <span class='ocrx_word' id='word_1_317' title='bbox 765 3928 829 3991; x_wconf 86' lang='lat' dir='ltr'>dno</span> <span class='ocrx_word' id='word_1_318' title='bbox 860 3931 988 4011; x_wconf 89' lang='lat' dir='ltr'>quidem</span> <span class='ocrx_word' id='word_1_319' title='bbox 1018 3933 1141 3994; x_wconf 83' lang='lat' dir='ltr'>hostem</span> <span class='ocrx_word' id='word_1_320' title='bbox 1168 3935 1262 3997; x_wconf 69' lang='lat' dir='ltr'>iltius·</span> 
     </span>
     <span class='ocr_line' id='line_1_40' title="bbox 224 4010 1264 4099; baseline 0.01 -28"><span class='ocrx_word' id='word_1_321' title='bbox 224 4014 339 4096; x_wconf 80' lang='lat' dir='ltr'>aliquis</span> <span class='ocrx_word' id='word_1_322' title='bbox 366 4010 533 4073; x_wconf 84' lang='lat' dir='ltr'>verniliter</span> <span class='ocrx_word' id='word_1_323' title='bbox 564 4034 641 4075; x_wconf 87' lang='lat' dir='ltr'>sane</span> <span class='ocrx_word' id='word_1_324' title='bbox 664 4012 721 4071; x_wconf 92' lang='lat' dir='ltr'>de·</span> <span class='ocrx_word' id='word_1_325' title='bbox 763 4012 917 4092; x_wconf 83' lang='lat' dir='ltr'>ferentes,</span> <span class='ocrx_word' id='word_1_326' title='bbox 959 4015 1083 4096; x_wconf 84' lang='lat' dir='ltr'>bajulos</span> <span class='ocrx_word' id='word_1_327' title='bbox 1121 4020 1264 4099; x_wconf 76' lang='lat' dir='ltr'>imitati,&#39;</span> 
     </span>
     <span class='ocr_line' id='line_1_41' title="bbox 224 4095 1263 4181; baseline 0.011 -23"><span class='ocrx_word' id='word_1_328' title='bbox 224 4098 284 4158; x_wconf 85' lang='lat' dir='ltr'>mit</span> <span class='ocrx_word' id='word_1_329' title='bbox 297 4095 377 4181; x_wconf 85' lang='lat' dir='ltr'>pede</span> <span class='ocrx_word' id='word_1_330' title='bbox 388 4095 583 4173; x_wconf 74' lang='lat' dir='ltr'>sandalium,</span> <span class='ocrx_word' id='word_1_331' title='bbox 608 4112 645 4157; x_wconf 91' lang='lat' dir='ltr'>ut</span> <span class='ocrx_word' id='word_1_332' title='bbox 657 4102 719 4180; x_wconf 85' lang='lat' dir='ltr'>jam</span> <span class='ocrx_word' id='word_1_333' title='bbox 765 4120 835 4158; x_wconf 86' lang='lat' dir='ltr'>cum</span> <span class='ocrx_word' id='word_1_334' title='bbox 859 4101 976 4162; x_wconf 80' lang='lat' dir='ltr'>trabem</span> <span class='ocrx_word' id='word_1_335' title='bbox 997 4104 1137 4168; x_wconf 79' lang='lat' dir='ltr'>fetentes</span> <span class='ocrx_word' id='word_1_336' title='bbox 1160 4114 1263 4169; x_wconf 79' lang='lat' dir='ltr'>unete&#39;</span> 
     </span>
    </p>
   </div>
   <div class='ocr_carea' id='block_1_5' title="bbox 0 0 1322 4680">
    <p class='ocr_par' dir='ltr' id='par_1_6' title="bbox 0 0 1322 4680">
     <span class='ocr_line' id='line_1_42' title="bbox 0 0 1322 4680; baseline 0 3"><span class='ocrx_word' id='word_1_337' title='bbox 0 0 1322 4680; x_wconf 95' lang='lat' dir='ltr'> </span> 
     </span>
    </p>
   </div>
  </div>
 </body>
</html>
