2634 4680
301 305 430 357 vunnu
455 305 658 395 nrsronmu
682 306 754 354 rm.
782 311 808 357 1.
832 291 834 295 ”
1011 280 1114 367 -255“

38 450 138 532 Ιίςτις
157 453 189 519 δέ
209 451 251 536 μὴ
274 451 409 521 πιστεύει
428 459 522 519 ταῦτα
543 451 640 530 οὕτως
659 457 751 537 ἔχειν,
781 452 820 521 ίίν
840 481 913 523 ποτε
931 459 982 523 καί
1003 457 1186 542 αὖτόςρᾏςι.

51 560 149 625 turim
169 555 334 639 ἀφίκηται,
359 561 468 624 είσεται
490 553 531 633 ὦς
544 555 649 640 άληθῆ
662 561 746 644 λέγω.
795 558 867 626 Τότε
881 555 913 627 δ’
928 551 984 627 οὖν
1000 555 1096 628 niorto·
1113 571 1155 632 27

55 657 184 744 σάμενοι
198 658 250 727 τάν
264 664 395 741 βασιλέα,
409 664 459 726 καί
472 658 544 736 τούς
560 658 636 742 ἄμφ’
653 656 747 726 αὐτὸν
762 666 809 742 ¹¹),
834 662 976 749 ἐμβάντες
985 667 1024 743 ¹)·
1042 662 1096 730 οἷν·

51 761 206 848 ἡχθημεν·
228 765 296 845 ἐμοὶ
312 764 408 827 δὲκαὶ
423 761 661 845 ἃῶραέδωκεηὸ
680 750 868 845 Ἐνδυμίων,
895 764 950 832 du'o
967 768 1020 848 μὲν
1035 773 1096 832 τῶν
1158 787 1164 795 ’

34 865 188 932 κτίσλίνωυ
203 865 350 950 χιτοίνων,
373 868 459 932 πέντε
472 866 503 930 δέ
516 872 658 948 χαλκοῦς,
681 869 732 931 καί
746 871 918 932 πανοπλίαν
935 873 1097 952 θερμίνην·

53 967 76 1037 ti
90 967 190 1036 πάντα
203 972 235 1035 έν
251 975 295 1055 τῷ
309 963 391 1048 κήτει
406 970 573 1033 κατέλιπον.
598 971 768 1051 συνέπεμπε
779 973 817 1045 y)
839 972 871 1034 di
883 966 956 1053 ἡμῖν
971 976 1022 1036 καί
1033 968 1098 1035 'Irt-

52 1069 217 1158 πογάπους
231 1075 359 1154 χιλίους,
381 1072 642 1155 παραπέμψοντας
655 1068 725 1154 άχρι
738 1077 867 1138 σταδίων
879 1078 1098 1139 πεντακοσίων.
1135 1088 1139 1095 “
1174 1082 1176 1089 ’

50 1169 107 1240 Ἐν
120 1176 153 1241 δέ
165 1182 207 1262 τῷ
219 1170 367 1258 παράπλῳ
381 1169 494 1248 πολλάς
507 1175 560 1254 μέν
573 1177 625 1238 καί
635 1170 724 1248 (illoc
735 1173 834 1256 χώρας
852 1179 1096 1259 παρημείψαμεν,
1105 1179 1225 1245 r·92·28
1256 1166 1259 1170 ¹

54 1279 259 1360 προςέσχομεν
291 1279 323 1342 δὲ
341 1278 393 1341 καὶ
407 1282 461 1364 ’τῷ
483 1270 653 1364 Ἐωςφὸρηι
676 1273 744 1361 άρτι
766 1281 1019 1364 συνοικιζομένῳ,
1045 1280 1098 1342 καλ

53 1375 246 1462 άποβάντες,
267 1375 492 1461 ὑδρευσάμεθα.
531 1378 673 1462 ἐμβάντες
686 1378 718 1442 δέ
736 1382 778 1454 εἰς
797 1377 850 1443 τὸν
866 1378 1041 1458 Ζωδιακὸν,
1065 1381 1099 1444 έν

55 1475 201 1568 άριστερᾷ
214 1479 379 1569 παρῄειμεν
392 1482 427 1562 z)
450 1479 502 1546 τάν
519 1480 623 1562 ἥλιον,
647 1485 679 1547 ἐν
694 1491 758 1570 χρῷ
768 1482 824 1565 τὴν
839 1490 896 1568 μην
911 1483 1100 1566 παραπλέον-

53 1602 121 1658 τες·
144 1578 182 1648 οὗ
199 1580 256 1668 γάρ
273 1580 440 1667 άπέβημεν,
463 1587 561 1646 καίτοι
576 1585 673 1647 πολλά
687 1592 747 1649 τῶν
768 1588 894 1669 έταίρων
907 1580 1100 1666 ἐπιθυμούν-

55 1712 137 1766 των,
160 1681 225 1749 ἀλλ’
244 1683 262 1752 ὁ
278 1683 390 1770 ίίνεμος
403 1684 460 1751 οὐκ
474 1683 595 1767 άφῆκεν
608 1687 653 1772 ²).
686 1684 846 1769 ἐθεώμεθα
859 1691 960 1769 μέντοι
970 1686 1026 1769 τὴν
1040 1683 1099 1770 χοί-
1186 1710 1189 1715 ’

57 1812 118 1870 ραν
136 1779 255 1868 εάθαλη
268 1814 313 1866 τε,
337 1791 389 1852 καί
410 1783 519 1865 πίονα,
543 1792 593 1853 καί
608 1787 737 1871 είίιιδρον
748 1782 784 1866 b)
793 1835 803 1865 ‚
826 1793 879 1854 καί
894 1797 1014 1855 πολλῶν
1028 1783 1102 1875 dyrr-

57 1896 131 1955 θεῖν
144 1887 267 1972 μεστήν.
307 1889 422 1966 ἰδόντες
435 1893 466 1956 δὲ
479 1886 559 1974 ἡμᾶς
573 1895 606 1956 οἱ
619 1891 915 1973 Νεφελοκένταυροι,
939 1901 1101 1974 μισθοφο-
1162 1962 1165 1969 ,

127 2043 297 2093 Schmierlero
310 2042 421 2096 uncinis
444 2042 558 2095 inclusi.
609 2045 649 2110 u)
675 2038 808 2111 ου’τὸν]
832 2041 947 2111 ,,αο’ταλν
966 2041 1041 2094 mele
1059 2042 1102 2095 El.

130 2112 270 2178 vulgatae
282 2112 478 2165 adsentiuntur
491 2114 514 2164 J.
524 2115 627 2165 H.Par.
644 2123 671 2165 et
680 2116 734 2169 P.“
768 2118 802 2181 x)
822 2113 835 2167 έ
842 2134 862 2183 μ
869 2112 1013 2187 βάντες]
1035 2110 1103 2165 οἰνα-

130 2176 232 2253 βάντες
246 2198 322 2245 30¹¹·
338 2182 414 2250 quod
432 2183 543 2232 Βελίτταν
564 2184 700 2250 praefert,
721 2202 777 2252 quo
793 2189 868 2248 jure,
888 2201 944 2234 non
962 2182 1102 2249 intelligo.

128 2251 167 2319 y)
188 2250 409 2317 συνέπεμπε]
430 2249 586 2321 συνέπεμψε
603 2269 680 2318 5⁰¹¹·
701 2255 795 2304 Belino
813 2256 960 2324 probante.
997 2261 1026 2313 τ)
1043 2270 1104 2305 πα·

131 2318 301 2389 ρῄειμεν]
321 2324 371 2373 Ita·
384 2322 464 2375 Gorl.
486 2336 563 2389 2954.
584 2339 661 2388 3011.
682 2323 741 2375 Bel.
763 2327 826 2391 Br'p.
851 2323 937 2376 Sclrm.
959 2338 1009 2389 pro
1027 2322 1102 2390 vulg.

131 2386 298 2459 περιῄειμεν.
333 2395 366 2457 a)
386 2386 545 2459 ἀφῆκεν]
565 2388 669 2460 ἐφῆκεν
684 2407 758 2461 2954.
776 2403 805 2444 et
820 2408 897 2460 501¹·
917 2389 1008 2460 quod,
1026 2392 1107 2441 Beli·
1127 2447 1129 2456 Ι

132 2478 166 2509 πο
186 2463 354 2527 probatum,
372 2471 537 2525 receperunt
550 2466 613 2530 Br'p.
629 2473 657 2513 et
671 2464 756 2516 Solam.
793 2464 829 2512 At
843 2461 897 2511 vid.
915 2461 1018 2510 Adnot.
1050 2519 1052 2523 y
1069 2459 1107 2521 h)

135 2522 176 2583 εὖ
183 2530 248 2598 νδρ
258 2547 272 2580 ο
281 2531 315 2595 ν]
334 2531 400 2593 „Sic
415 2530 486 2581 Edd.
499 2547 595 2582 omnes
608 2540 635 2583 et
647 2533 678 2583 P.
696 2532 765 2600 quin
778 2531 823 2584 vel
836 2533 876 2588 Fl.
891 2524 1014 2600 εὔυδρον
1027 2526 1109 2599 quasi

134 2598 204 2649 velit
219 2615 332 2666 cavere,
351 2617 387 2651 ne
401 2597 520 2670 ένυδρον
530 2599 639 2671 legas.“

65 2759 315 2844 universamque
334 2763 476 2841 patriam.
523 2765 569 2824 U·
612 2786 671 2845 pos
688 2763 791 2842 mille,
810 2763 871 2844 ·qui
890 2762 928 2823 ad
948 2761 1108 2845 quingen·

67 2861 153 2907 trum
183 2869 260 2908 vero
292 2849 341 2908 illi
364 2868 414 2906 me
438 2871 568 2930 quoque
612 2864 645 2908 ta
675 2870 736 2909 nos
768 2848 870 2908 stedia
902 2847 1107 2908 deducerent.

67 2929 221 3006 viderint,
247 2933 391 2992 nondum
407 2935 496 3011 (non)
513 2934 568 2995 ha.
611 2934 702 2994 Inter
738 2931 955 3015 navigandum
993 2935 1110 2990 multas

66 3014 130 3079 beo
144 3032 231 3078 certo
248 3017 361 3078 dicere.
409 3019 568 3101 Quisquis
612 3019 688 3077 nlius
707 3019 916 3098 praetervecti
935 3033 1043 3092 terras,
1056 3036 1132 3095 ap-¹

67 3122 144 3163 vero
162 3123 228 3161 non
247 3103 347 3163 credit
365 3103 409 3163 ita
427 3127 491 3165 rem
509 3104 569 3165 ha·
611 3103 752 3185 pulimus
767 3103 861 3163 etiam
872 3102 1044 3162 Luciferae
1057 3120 1112 3160 σο·
1202 3149 1205 3153 .

67 3184 164 3261 bere,
187 3188 215 3246 ti
232 3188 359 3268 quando
376 3204 409 3250 et
434 3189 503 3270 ipse
529 3212 567 3251 eo
611 3189 698 3248 lonis
714 3210 815 3268 nuper
832 3201 955 3262 auctae,
979 3182 1112 3267 egressi·
1184 3201 1190 3217 ¹

69 3269 194 3331 deletur
220 3274 338 3352 fuerit,
378 3295 451 3333 vern
478 3298 495 3335 a
519 3296 569 3336 me
613 3289 839 3354 querquetum
856 3293 974 3331 sumus.
1018 3269 1112 3329 lnve·

70 3354 136 3417 dici
151 3357 321 3439 intelliget.
359 3361 441 3419 Tum
456 3360 568 3443 igitur,
613 3359 657 3418 cti
673 3357 792 3418 deinde
806 3359 839 3416 in
856 3356 1045 3430 Zodiacum,
1068 3352 1113 3412 si·

70 3444 209 3501 ralutato
226 3465 298 3525 rege
315 3459 347 3503 et
365 3443 467 3525 ipsius
486 3448 570 3505 ami·
613 3443 750 3503 nistrum
781 3447 879 3503 solem
916 3437 1113 3521 praeterivi-

71 3526 136 3602 εἰσ,
168 3548 341 3588 conscensa
367 3530 441 3588 nevi
465 3532 569 3590 solvi·
613 3550 698 3602 mus,
725 3529 873 3608 proxime
892 3540 1004 3584 terrem
1024 3522 1113 3583 illam

69 3628 150 3672 mue.
193 3612 297 3672 Dedit
310 3613 389 3672 mihi
403 3615 498 3673 etiam
514 3617 571 3677 do.
614 3611 939 3694 praeternavigantes:
964 3627 1067 3688 neque
1081 3628 1114 3668 e·

69 3696 570 3779 naEndymion‚duasquidem
615 3701 683 3757 nim
704 3696 947 3769 exscendimus,
978 3697 1113 3751 multum

70 3792 162 3864 togae
175 3784 292 3843 vitreus
302 3827 312 3854 ,
336 3806 448 3843 aeneas
464 3801 571 3846 autem
615 3783 693 3842 licet
707 3782 911 3862 cupientibus
926 3777 1040 3856 sociis3
1057 3773 1114 3836 sed

69 3866 235 3948 quinque,
268 3883 299 3926 et
321 3869 359 3929 de
375 3870 499 3950 lupinis
520 3891 572 3930 ar·
616 3889 682 3927 non
699 3865 827 3926 sinebat
844 3879 969 3924 ventus.
1016 3861 1115 3926 Vidi-

71 3964 227 4012 maturem
243 3952 417 4036 integram,
441 3956 571 4037 quaein
616 3974 684 4012 mus
701 3966 806 4011 tamen
825 3949 989 4033 regionem
1006 3949 1114 4009 viren-

69 4049 142 4096 ceto
170 4038 290 4116 reliqui
314 4040 433 4101 omnia.
476 4039 574 4101 Misit
615 4054 694 4112 tem,
732 4036 904 4119 pinguem,
940 4033 1132 4118 irriguam,-

69 4125 170 4185 etinm
196 4124 366 4185 nobiscum
389 4127 573 4208 Hippogy-
615 4141 648 4186 et
664 4123 759 4185 bonis
774 4122 885 4182 multis
899 4121 1038 4203 plenem.
1048 4115 1113 4182 Sed
