2634 4680
58 262 61 267 '
153 243 230 319 &2
418 236 1029 338 tonornrtouus'

155 435 210 493 σης
225 410 338 487 scribi,
361 425 417 471 aut
431 405 474 491 ἢν
492 407 534 491 μὴ
557 409 591 469 in
613 412 643 474 si
657 406 697 491 μὴ
718 410 853 487 mutari,
876 408 1073 480 terretorio
1091 410 1262 493 Optativo.

154 478 200 556 Αἰ
213 498 256 559 cf.
271 515 367 577 sopra
387 515 456 577 cap.
472 498 502 563 6.
516 508 549 556 et
571 515 653 577 quae
675 493 722 554 ibi
742 494 778 554 in
791 494 881 559 Vetr·
897 495 1008 557 Lectt.
1020 495 1164 559 monita
1181 513 1274 566 suut„

153 582 274 644 Leuni.

237 662 315 727 End.
335 668 358 729 l.
375 670 423 731 10.
450 660 732 746 Ἆκρουσομὲνους)
752 662 809 727 W.
843 662 1046 749 Inmeiiqui!
1070 660 1263 751 oinpottoopd-

153 773 238 822 νους.
260 748 386 814 δοιιιυ.
435 750 508 808 Etsi
528 755 660 832 vulgata
681 748 761 808 ferri
783 759 908 829 potest,
937 762 976 809 ut
999 748 1180 833 significet
1201 776 1261 831 eos,

154 832 211 915 qui
228 831 275 891 sic
296 831 406 895 audire
424 835 548 910 solent,
571 849 676 897 tamen
698 830 878 892 accuratior
898 830 1031 893 videtur
1058 834 1170 897 lectio
1186 836 1261 901 Cod.

66 925 70 935 '
154 918 211 980 W.
228 917 373 976 futurum
387 916 561 994 exhibens,
585 918 607 981 i.
623 939 651 979 e.
667 936 734 993 eos,
758 914 815 997 qui
827 914 911 975 hauc
924 914 1107 979 historiam
1122 920 1260 999 auduus,

154 1004 207 1063 vel
227 998 332 1063 lecturi
348 1018 426 1063 sunt.
446 1002 570 1067 Rnrnz.
613 1002 706 1061 Hunc
720 997 890 1062 lectionem
908 992 1261 1086 dspoooopdvouecon-

155 1084 258 1149 firmat
271 1086 365 1147 etiam
385 1108 450 1147 non
470 1091 574 1146 solum
590 1084 671 1147 cod.
686 1087 780 1152 2954.
792 1082 847 1144 ted
860 1083 955 1147 etiam
969 1085 1011 1147 A·
1025 1094 1062 1155 2.
1082 1086 1123 1148 in
1140 1111 1204 1173 qut
1218 1104 1260 1152 stt

154 1165 413 1252 ἀκροασομένους.
455 1172 557 1231 Recte
581 1171 692 1251 itaque
712 1168 905 1230 recentiores
927 1168 1258 1237 Editores'Reitsim

154 1269 230 1313 suut
250 1254 363 1318 secuti.
415 1254 530 1317 Verbis
552 1253 703 1335 deinceps
723 1251 931 1336 sequentibus
951 1254 1150 1339 Rudolpltus
1172 1274 1257 1321 notat

153 1338 244 1421 tangi
261 1342 397 1401 fortasse
418 1338 567 1410 criticos,
591 1359 671 1421 quos
688 1336 791 1399 rideat
813 1334 964 1423 (auctor)
983 1340 1093 1401 etiem
1117 1342 1156 1404 iu
1172 1344 1254 1407 Veris

152 1421 320 1485 Historiis.
344 1424 462 1486 Latrat.

237 1506 314 1589 Pug-
331 1512 437 1575 178.1.
453 1516 483 1574 8·
512 1504 571 1572 Τὸν
583 1502 698 1583 τύπον)
722 1509 807 1571 Κατὰ
819 1501 872 1569 τὸν
886 1500 995 1573 τύπον.
1021 1508 1169 1579 Gurza.
1199 1520 1252 1579 Ko-

152 1584 189 1652 τὰ
210 1591 331 1673 quippe
350 1612 415 1652 non
438 1590 659 1669 inserendum,
681 1591 737 1652 sed
757 1591 1023 1674 intelligendum,
1045 1616 1188 1661 moneto
1203 1620 1251 1660 vo·

151 1674 231 1751 luit,
262 1672 366 1736 credo.
399 1678 525 1741 Rurrz,
577 1677 717 1760 Elegans
735 1680 844 1752 locus,
872 1696 969 1755 quum
993 1699 1067 1739 nou
1092 1686 1200 1743 solunt
1221 1684 1251 1743 in

152 1757 338 1840 metaphora
359 1759 468 1823 eadem
488 1775 615 1843 pergat,
638 1783 748 1823 verum
765 1761 859 1821 etiam
876 1759 940 1821 hoc
962 1760 1067 1823 modo
1089 1763 1251 1829 simultis

152 1840 266 1916 claret,
290 1843 428 1925 quiduis
443 1840 713 1929 ἀργυραμοιβικῶς.
743 1845 836 1911 Run,
950 1910 953 1915 ⁴

238 1927 316 1991 Eas.
332 1933 353 1992 l.
364 1935 395 1997 4.
424 1930 618 2013 Φρονιίζειν)
641 1933 735 1991 Tales
750 1929 794 1989 ait
809 1943 923 1989 auctor
934 1932 1178 2013 comparandos
1190 1956 1247 1998 eus

155 2010 335 2087 auditores,
353 2014 471 2096 quibus
485 2016 557 2096 quis
572 2015 690 2094 scripta
706 2036 762 2075 sua
777 2014 856 2075 velit
873 2012 1026 2095 probare,
1041 2020 1108 2099 qui
1122 2022 1248 2081 exactis·

155 2097 233 2157 sime
249 2099 356 2158 omnia
370 2101 565 2178 examinent,
578 2115 611 2161 et
625 2096 888 2183 ἀργυραμοιβικῶς
902 2099 1114 2181 expendant:
1136 2104 1181 2165 od
1192 2106 1247 2181 Ιιοι,

155 2180 281 2263 inquit,
305 2178 511 2265 ἀποβλέποντα
527 2181 582 2266 χρὴ
604 2187 655 2247 καὶ
677 2180 876 2267 συγγράφειν,
899 2190 959 2247 τοῖν
979 2180 1013 2249 δ’
1028 2184 1135 2253 ἄλλων
1155 2184 1247 2275 ὀλίγον

155 2267 334 2344 φροντίζειν.
379 2266 434 2328 Sic
456 2288 590 2351 namque
610 2291 651 2329 ex
670 2268 804 2329 vetustis
824 2264 906 2331 Edd.
927 2268 1176 2353 corrigendum:
1196 2294 1247 2357 pc.

154 2349 303 2411 steriores
317 2352 452 2432 pessime
464 2356 625 2434 φροντίζει.
647 2352 740 2415 Juus.
761 2352 848 2412 Bene
864 2367 972 2413 mouet
982 2353 1157 2437 Lucienus,
1167 2378 1246 2440 pras·

154 2433 263 2491 sertim
284 2455 381 2516 quum
398 2435 507 2497 landes
531 2435 687 2517 ejusmodi
704 2435 865 2497 interdum
889 2449 994 2497 essent
1009 2440 1109 2499 malis
1132 2442 1248 2503 artibus

154 2530 272 2595 partae.
319 2519 373 2587 cf.
398 2519 559 2603 Quinctil.
578 2519 638 2583 lib.
659 2520 701 2584 X.
721 2519 748 2605 §
770 2529 820 2589 18.
844 2519 1090 2583 decretoribus
1111 2525 1245 2611 quidem.

153 2602 244 2661 Iino.
434 2654 437 2661 .

239 2685 318 2749 Eas.
332 2690 354 2750 l.
367 2697 397 2757 8,
420 2688 484 2772 Γᾰρ
501 2714 560 2755 που
575 2691 627 2772 σε)
650 2690 701 2752 Ita
717 2714 779 2755 που
799 2710 832 2755 σε
851 2688 921 2751 siue
934 2704 1073 2751 accentu
1087 2710 1246 2757 exaratam

155 2782 204 2831 est
225 2769 259 2831 in
280 2772 361 2833 Edd.
384 2776 497 2855 priscis
517 2776 547 2836 J.
570 2778 617 2837 1⁸1.
643 2774 722 2837 Am.
741 2790 774 2835 et
796 2773 872 2835 hinc
889 2775 923 2833 in
944 2774 1093 2857 reliquis.
1136 2772 1245 2863 Neque

155 2854 239 2914 enim
257 2857 541 2921 Grammaticorum
560 2882 662 2920 canon
680 2859 734 2919 hic
750 2875 875 2940 poterat
892 2858 1073 2941 observari,
1096 2878 1137 2925 ut
1152 2864 1247 2945 pluri-

155 2937 214 2999 bus
230 2941 390 3005 encliticis
407 2966 476 3005 sese
488 2944 770 3028 subsequentibus,
795 2944 890 3003 unius
905 2956 1055 3004 accentus
1069 2944 1107 3005 iu
1122 2952 1247 3012 aiteram

155 3025 321 3106 transiret3
343 3029 468 3109 alioqui
483 3027 683 3088 scribendum
702 3028 817 3088 fuisset
828 3035 889 3093 ποῦ
904 3048 953 3092 σε·
977 3026 1065 3109 quod
1081 3030 1248 3116 siguifica-

155 3106 204 3167 tio
213 3150 224 3179 ,
248 3129 341 3206 quam
359 3120 420 3177 ποῦ
435 3112 489 3173 hic
506 3111 619 3187 habet,
643 3113 700 3172 vix
716 3111 849 3194 potitur.
871 3113 996 3179 Ratnz.
1040 3110 1247 3179 Schmied'ox

155 3190 289 3253 arbitrio
312 3194 414 3255 edidit
430 3194 489 3261 πού
508 3218 548 3261 σε.
572 3197 690 3256 Lnnm.
730 3198 840 3275 Major
858 3198 908 3257 vis
925 3210 973 3257 est
986 3196 1021 3255 in
1035 3194 1101 3259 hac
1119 3222 1249 3283 comps-

153 3276 294 3354 ratione,
319 3299 414 3361 quum
436 3284 614 3361 exemplum
630 3302 739 3341 verum
756 3281 880 3356 afferat,
905 3301 998 3364 quam
1019 3280 1048 3340 si
1066 3282 1150 3365 quid
1164 3289 1251 3368 ejus·

154 3359 242 3425 modi
256 3364 468 3447 excogitasset
489 3366 565 3446 ipse.
586 3397 629 3412 -·
650 3366 771 3425 Simitis
785 3365 910 3445 pictura
928 3364 1088 3443 reperitur
1102 3366 1138 3428 in
1155 3390 1249 3451 opero

154 3445 342 3525 splendido:
366 3449 500 3511 Recueil
519 3449 712 3530 d’estempes
730 3446 860 3529 d’apries
880 3454 926 3510 les
951 3452 1024 3529 plus
1040 3448 1185 3516 celebret
1205 3468 1249 3514 tn·

154 3527 271 3591 bleaux
288 3531 327 3592 de
344 3536 374 3592 la
385 3534 645 3614 GalerieRoyale
661 3532 843 3598 deDresde.
865 3532 1249 3616 Dresdae,1758.vot.'1.

153 3634 186 3681 Π.
203 3621 255 3682 40.
300 3616 374 3679 Alia
394 3633 442 3683 est
461 3618 660 3685 Woerlitzii.
704 3616 780 3685 Vid.
799 3619 882 3700 Aug.
903 3616 991 3679 Rode
1003 3614 1251 3705 Beschreibung

155 3696 209 3759 des
224 3702 343 3767 Fiirstl.
360 3702 756 3764 Anhalt-Dessauischsn
764 3703 974 3767 Landhausea
989 3700 1057 3761 und
1073 3706 1251 3791 πειθοῖ-

155 3795 226 3843 tens
245 3808 284 3844 zu
300 3788 461 3849 Woetlitc
475 3811 508 3871 p.
523 3794 574 3854 49.
606 3790 699 3848 Run.
1194 3835 1197 3842 ·

240 3869 318 3932 ibid.
343 3874 577 3956 Γεγραμμένον)
599 3872 754 3934 Meminit
774 3870 871 3951 hujus
891 3872 1040 3933 Terentius
1052 3872 1142 3937 Eun.
1158 3873 1206 3951 V,
1219 3882 1250 3943 Β.

153 3952 278 4014 Plautus
295 3954 388 4015 etiam
404 3958 438 4015 in
454 3958 544 4019 Trin.
560 3956 657 4015 initio
674 3955 757 4038 ipso,
770 3970 803 4017 et
815 3957 895 4017 Pers.
909 3960 941 4023 5.
966 3953 1049 4017 Vide
1061 3958 1160 4023 otiam
1173 3959 1252 4031 flet·

158 4045 257 4119 1406,
272 4047 301 4107 2,
320 4062 385 4125 quo
402 4044 435 4100 iu
451 4046 524 4109 loco
540 4043 674 4124 ῥαπίζειν
692 4039 871 4123 legendum.
898 4035 1025 4112 sonis.
