2634 4680
277 311 670 364 inscrrnsnsno
695 310 940 372 nosrrrnn.
1075 297 1153 373 627
1241 298 1243 303 ’

60 459 233 524 offendisse
254 458 497 536 animadvertit,
522 456 644 541 qnippe
668 459 727 540 qni
749 479 786 518 es
806 458 995 533 reddiderit:
1019 462 1059 525 Et
1080 489 1155 549 quos

61 571 231 629 aggressus,
258 544 407 629 praesides
427 548 595 625 conscripto
616 543 654 605 de
671 544 734 605 illis
752 544 893 624 historio,
920 543 1084 631 (praesules
1104 565 1155 611 est

61 652 111 712 ep.
134 632 308 708 Benedicn)
330 651 401 690 cum
425 629 600 706 debuisset,
622 630 784 713 quibusque
801 628 925 692 adscitis
943 637 1097 715 petronis,·
1119 632 1155 695 id

61 717 146 774 enim
163 715 343 800 significare
362 712 536 798 προστάτην
557 714 676 797 νέμειν,
698 708 886 799 γράφεσθαι,
908 710 1155 801 άιιογράφεοθαι,

60 799 284 884 ἐπιγράφεσθαι
297 814 330 860 et
344 795 583 883 συγγράφεσθαι,
599 796 718 859 ibidem
732 797 828 859 docet
845 798 1048 884 Wesselr'rrgus.
1071 801 1153 865 Cusn

62 906 139 947 vero
153 908 194 947 ex
214 887 346 946 Luciam·
364 883 422 944 Bis
437 896 575 943 sccusnt.
590 903 618 948 c.
634 889 686 950 29.
706 878 925 966 ἐπιγράφονται
937 880 1064 964 ἅπαντες
1079 888 1155 971 πρὸ.

60 966 160 1050 στάιιν
177 973 290 1034 ἑαυτῶν
303 966 431 1046 efferet,
455 986 513 1027 neo
526 965 560 1032 ιδ
576 963 766 1052 συγγράφειν
778 961 950 1050 ειροοιάοιγν
962 971 1034 1032 eliis
1049 993 1155 1034 exem·

61 1057 124 1137 plis
140 1054 321 1129 confirlnet,
344 1065 378 1112 et
399 1046 579 1136 ἐπιγράφειν
592 1051 732 1114 Lucieno
745 1051 781 1111 in
801 1051 852 1111 bis
873 1055 988 1114 locutt.
1002 1057 1154 1117 usitatius

62 1142 121 1210 sit,
143 1161 210 1200 non
234 1137 497 1221 repugnaverim,
521 1135 549 1196 si
574 1138 647 1218 quis
664 1148 699 1197 et
713 1134 768 1197 bic
787 1132 871 1197 illud
892 1137 1037 1221 recipere
1051 1140 1154 1201 mstis·

61 1228 185 1287 Rerrz.
229 1222 306 1284 Non
325 1225 429 1282 solum
446 1216 673 1320 ἐπιγράφεσθαί
687 1245 773 1299 τινα,
794 1243 900 1282 nomen
909 1221 1037 1306 alicujus
1054 1228 1155 1309 ρηγί-

60 1313 132 1383 teri,
156 1331 259 1369 nomen
275 1305 346 1366 dare
359 1305 469 1382 alicui,
492 1303 573 1366 rllud
591 1305 694 1389 ipsunt
708 1319 773 1384 est,
797 1303 886 1387 quod
905 1303 1002 1388 bnjns
1013 1310 1079 1369 loci
1094 1330 1156 1367 ns-

61 1408 131 1453 tura
153 1392 309 1472 requirit3
331 1390 373 1450 cf.
396 1392 429 1454 oi
443 1387 497 1454 ιδν
520 1388 670 1455 Πλάτωνα
693 1385 930 1475 ἐπιγραφόμενοι
940 1392 1085 1457 Hermot.
1102 1400 1153 1460 tt.

60 1482 94 1543 oi
112 1479 241 1561 Διογένη
260 1501 290 1540 ιι.
305 1500 332 1540 τ.
346 1482 373 1538 λ.
396 1473 634 1558 ἐπιγραφόμενοι
647 1476 757 1559 Fugit.
776 1496 805 1538 ο.
821 1481 870 1542 16.
890 1474 947 1535 sed
966 1476 1062 1537 etism
1084 1472 1156 1562 s'cy·

57 1562 231 1648 γράφεοθολ
241 1586 309 1626 τινα
323 1557 435 1622 eoder'n
449 1581 546 1623 sensu
560 1574 747 1643 usurpatum
760 1559 879 1628 fuisse.
902 1559 1033 1641 probari
1048 1561 1155 1622 neuti-
1170 1584 1178 1601 .

59 1669 154 1733 quarn
172 1659 289 1728 potest.
331 1645 415 1706 Nem
437 1645 591 1726 quirinus
609 1645 643 1704 in
659 1666 729 1707 enm
745 1665 811 1706 rem
831 1641 982 1706 sReitrr’o
996 1642 1155 1727 produci·

59 1747 130 1806 tur,
152 1735 242 1792 locus
257 1728 501 1790 dissimillimam
518 1729 666 1791 continet
684 1727 828 1810 pbrnsin.
872 1728 961 1812 Ergo
977 1749 1043 1790 non
1061 1727 1155 1790 dubi.

60 1817 163 1876 tabam
192 1812 484 1898 probabilissimum
512 1811 619 1876 Soloni
643 1814 817 1877 lectionem
842 1824 877 1875 et
901 1832 1005 1874 metm
1034 1814 1152 1878 fecere.

56 1901 177 1962 Lennr.
499 1911 502 1919 '

141 1981 329 2049 Ead.l.16.·
348 1987 393 2071 tp
408 1975 528 2070 Ἀπιιιῇ
545 1978 669 2066 δεκάδι)
693 1981 781 2048 Virro.
804 1981 973 2066 Obsopoeus
995 1979 1152 2062 interpres

58 2070 106 2131 sic
120 2067 218 2129 vertit
240 2067 383 2145 (Atticae
399 2067 546 2153 Musas).·
566 2065 728 2150 quomodo
750 2067 882 2152 legerit,
905 2065 1034 2130 nescio:
1057 2064 1154 2127 vide-

58 2169 111 2216 tur
133 2168 238 2212 tamen
259 2152 375 2235 legisse
392 2144 506 2238 Ἀπικῇ
529 2147 599 2218 δάι’
644 2201 653 2229 ,
679 2165 713 2213 et
731 2151 794 2212 sibi
818 2151 1015 2214 intellexisse
1036 2149 1152 2254 μοάσρ,

58 2238 152 2324 quasi
174 2236 275 2296 fuerit
294 2235 448 2320 qnsedem
470 2236 591 2299 decime
655 2257 710 2296 oss
730 2235 877 2299 Athenis.
923 2235 986 2298 set
1006 2239 1155 2311 εεδειιας

56 2345 124 2384 non
139 2320 179 2382 ed
193 2322 306 2382 Muses
318 2319 434 2382 'referri
451 2319 561 2398 debet,
585 2319 640 2383 sed
652 2318 691 2383 nd
704 2318 813 2383 decem
827 2322 902 2382 illos
916 2333 1057 2382 oratores
1073 2324 1154 2381 cele·

57 2408 197 2481 brieter,
231 2405 287 2490 qui
315 2403 453 2466 Athenis
479 2403 673 2485 floruerunt,
702 2419 735 2469 et
761 2427 897 2490 qnorum
918 2403 1002 2465 vitos
1023 2405 1155 2485 scripsit

56 2492 250 2568 Plutarchus,
274 2488 361 2572 quod
387 2477 521 2566 (credo)
544 2492 621 2552 setis
643 2490 847 2551 menifestum
862 2488 1152 2552 videbiturnostro

56 2577 182 2638 lectori.
205 2576 320 2636 Pseu.
364 2572 449 2634 Vide
465 2574 550 2656 apud
567 2573 782 2637 Philostratum
800 2596 833 2658 p.
850 2579 923 2644 564.
938 2571 1040 2657 βοάσῃ
1054 2572 1088 2638 δὲ
1102 2569 1152 2639 ἐπ’

60 2657 151 2725 αδτόν
170 2665 226 2739 τῆς
242 2655 404 2735 Ἑλλάδος,
426 2660 476 2721 καὶ
489 2657 640 2739 καλούσης
654 2655 748 2724 edelr
770 2660 896 2724 ἕνατοῖν
909 2660 981 2724 δέκα
994 2673 1055 2720 etc.
1097 2660 1152 2719 De
1204 2722 1207 2741 Ι

57 2743 189 2807 Herode
205 2763 306 2804 sermo
329 2757 394 2817 est,
417 2742 473 2824 qni
489 2742 661 2824 respondet
679 2741 712 2802 id
727 2747 847 2821 solum,
867 2768 898 2803 se
910 2741 1073 2807 Andocide
1085 2766 1153 2803 me-

56 2831 169 2892 liorem.
212 2827 253 2887 In
269 2824 355 2886 notis
376 2823 416 2884 ed
431 2847 500 2886 eum
521 2829 628 2887 locnsn
644 2825 683 2888 do
701 2825 830 2888 secundo
843 2827 940 2887 etism
953 2825 1065 2887 decade
1080 2847 1153 2885 rno-

56 2934 178 2975 nernnr.
224 2910 317 2971 Certe
329 2922 361 2970 et
374 2908 429 2969 bic
442 2909 476 2968 in
493 2909 574 2976 cod.
585 2910 643 2973 W.
659 2924 708 2972 est
720 2908 866 2977 ὄειιάδια.
911 2908 1010 2992 Quod
1028 2931 1068 2970 an
1083 2911 1153 2970 Ln-

57 3001 204 3060 cieneurn
224 2995 284 3067 sit,
308 2992 449 3056 viderint
467 2995 543 3058 elii:
566 2994 650 3056 mibi
671 3016 758 3057 nuno
780 2993 820 3058 de
842 3016 881 3058 eo
907 2994 1064 3078 dispicere
1084 3014 1152 3055 non

56 3096 159 3146 vacet.
182 3083 310 3141 Socsrr.
704 3090 708 3105 '

143 3167 300 3248 Peg-162.
317 3167 338 3227 l.
351 3169 382 3230 2.
397 3163 443 3227 Ὃ
457 3190 484 3229 τι
501 3159 541 3228 civ
560 3154 666 3248 οὗτοι)
687 3165 777 3230 Ηοεο
791 3164 907 3240 verbs,
931 3159 992 3232 δτι
1011 3157 1051 3228 dr
1067 3148 1153 3226 οὗτοι

58 3253 218 3329 ἐθέλωσιν,
254 3249 393 3314 ἐθέλουσι
418 3245 492 3333 γάρ,
524 3250 559 3310 in
586 3249 643 3311 W.
676 3255 746 3312 solo
778 3252 991 3335 reperiuntur.
1024 3248 1152 3308 Socer.

58 3337 197 3417 Scripsit
211 3332 251 3394 nd
269 3355 317 3394 me
331 3336 369 3393 cl.
382 3332 498 3396 Gesner.
513 3355 609 3416 snper
621 3333 684 3394 boc
696 3339 770 3397 loco
785 3335 837 3395 his
853 3334 975 3398 verbis:
998 3331 1092 3394 Hune
1104 3330 1153 3391 lo-

58 3446 126 3484 cum
148 3424 192 3481 ita
215 3424 434 3500 interpretatum
463 3444 522 3480 esse
540 3416 626 3481 video
646 3418 780 3484 Solano:
809 3420 926 3503 Fitque
943 3420 978 3477 in
1001 3417 1150 3490 civiate,

58 3503 218 3590 quidquid
240 3502 274 3563 bi
293 3506 425 3575 volont;
454 3509 571 3564 volunt
593 3502 694 3583 eninr,
725 3503 886 3611 qnidtpuid
910 3503 1066 3586 optimum
1091 3512 1150 3560 est.
1175 3528 1182 3541 =

56 3591 143 3673 Legit
156 3594 263 3673 igitur,
284 3588 336 3651 sol
347 3587 432 3651 roosl
445 3591 575 3673 γλγνειοι
591 3591 625 3655 ἐν
638 3594 674 3674 τῇ
687 3584 789 3666 πόλει,
812 3614 882 3660 υ.τι
903 3582 942 3652 άν
965 3580 1147 3668 βούλωνται·

57 3676 220 3758 βούλονται
232 3668 290 3756 γάρ
306 3668 377 3747 δ’,τι
393 3669 432 3735 άν
446 3673 570 3752 άρισιον
597 3665 668 3737 ’τ’
688 3673 782 3739 πόλει.
829 3673 866 3734 Si
878 3697 919 3734 ex
938 3671 1016 3734 libro
1037 3667 1081 3729 al·
1101 3688 1148 3745 uo,

54 3759 144 3842 plone
158 3758 288 3821 accedo.-
307 3761 353 3816 sin
376 3761 560 3841 κρυεροῖο,
577 3699 670 3820 dudd
690 3763 903 3841 conjecturum,
926 3770 1010 3818 tanto
1024 3778 1071 3816 cre
1092 3752 1152 3813 ibi·

56 3843 159 3903 liorem
166 3890 175 3917 ‚
199 3841 279 3925 quod
291 3845 420 3922 repetitio
434 3851 488 3923 τῆς
503 3840 522 3908 ὅ
529 3888 537 3915 ,
546 3869 575 3907 ιι
585 3846 735 3904 emissioni
747 3843 845 3905 locum
860 3841 932 3902 dore
942 3842 1085 3939 potuerit:
1106 3861 1149 3897 re·

55 3926 1004 4094 tilii}llzlllplflslzsslisltlltltllltfl‘.
1017 3920 1150 4068 ltili:

55 4116 128 4156 nem
146 4094 254 4157 Solent
267 4095 396 4156 retinui.
428 4097 587 4180 Coeperat
601 4095 686 4158 euim
702 4110 735 4159 et
748 4094 776 4158 is
787 4095 956 4179 pristinem
969 4093 1148 4156 versionem
