2634 4680
288 306 892 369 rutranuorrn'usr.
1066 307 1143 379 443

48 465 266 546 quaestionem
282 460 393 523 eodem
415 458 511 519 modo
533 461 745 542 respondeat,
769 466 838 523 no‘n·
856 467 1005 547 'poterat,‘
1026 470 1143 545 credo,

48 552 132 609 idem
150 549 188 609 de
202 547 308 608 eadem
326 568 359 606 re
373 544 423 603 bis
438 543 605 605 declarare.
649 545 817 607 Disseotus
832 549 955 630 Lycini
969 574 1070 613 sermo
1083 557 1142 614 mi.

48 635 85 693 hi
101 633 227 715 quidem
242 631 325 701 idem
338 629 528 710 depravatus
544 627 716 692 videbitur.
736 631 852 714 Neque
866 635 1001 699 Jacobsr‘i
1014 653 1143 700 senteu-

49 721 125 779 tiam
148 717 279 777 omuino
303 714 422 797 probo,
453 715 510 797 qui
529 715 604 774 roei
624 711 720 779 molini
740 717 901 794 praemitti
923 725 994 779 vult
1011 718 1087 794 ὄψ’
1105 738 1144 783 ut

46 804 164 865 arctius
179 802 221 860 sit
234 800 330 880 hujus
343 796 579 860 enuntiationis
594 818 665 858 cum
679 795 831 882 πρόδηλον
843 801 1017 869 vinculum.
1056 805 1140 867 Nam

48 889 219 968 abruptae,
246 890 301 946 vel
323 884 451 964 potius,
486 897 650 962 separatae
676 885 933 948 enuntiationes:
969 887 1064 953 πολλὰ
1084 887 1143 975 γάρ

47 977 125 1049 ἐστι,
147 970 321 1054 πρόδηλον,
345 968 423 1042 (int.
443 966 530 1031 τοῦτό
552 964 669 1050 iusim)
693 958 848 1052 oie‘mripa,
872 971 1082 1054 magis0mihi
1106 977 1142 1034 in
1182 1008 1184 1023 ι

47 1059 147 1139 hujus
168 1054 339 1115 viridioris
363 1051 429 1112 loci
453 1052 620 1134 ingenium
644 1054 818 1116 convenire
844 1054 1017 1132 videntur,
1048 1080 1142 1142 quam

48 1140 226 1203 arctissime
242 1158 411 1199 connexae.
436 1137 555 1196 Larrsr.
869 1158 873 1169 ’

133 1223 210 1285 Eud.
227 1226 248 1284 l.
266 1230 297 1288 5.
321 1224 448 1286 Εἴκοσιν
464 1216 534 1304 ἔφη)
555 1221 595 1282 In
614 1221 762 1287 omnibus
775 1235 866 1283 antes
885 1221 1052 1306 legebatur
1064 1229 1146 1302 εἰκὸς

49 1313 107 1385 ἔτι,
131 1330 189 1368 nec
204 1307 371 1388 quisquam
386 1319 510 1386 prester
528 1305 680 1367 Vorstr'um
703 1306 849 1384 exstitit,
881 1309 938 1390 qui
959 1325 1145 1392 corruptum

51 1401 159 1455 locum
177 1392 409 1471 pronuntiaret.
454 1391 487 1450 Is
501 1405 606 1450 autem
621 1391 758 1473 margini
771 1391 823 1450 sui
841 1391 973 1454 Codicis
987 1413 1047 1475 pro
1065 1395 1147 1471 εἰκὸς

51 1479 262 1557 adscripscrat
277 1481 351 1556 εἰκῆ.
396 1473 458 1535 Sed
478 1496 519 1535 ne
534 1474 582 1534 sic
597 1475 724 1559 quidem
740 1475 920 1541 sanabatur.
964 1479 1036 1562 Ego
1051 1501 1151 1557 vero.

53 1563 111 1643 qui
125 1561 338 1622 meminissem
358 1560 592 1620 Hermotimum
607 1559 671 1618 XX
686 1580 785 1621 annua
800 1576 973 1641 perpetuos
993 1565 1145 1647 magistro

53 1648 165 1707 Stoico
190 1667 317 1726 operam
339 1643 478 1718 dedisse,
509 1642 562 1726 (c.
577 1652 607 1709 2.
623 1656 654 1703 et
668 1643 743 1728 77.)
764 1644 900 1706 eundem
922 1648 1017 1706 etiam
1040 1670 1147 1708 nume·

52 1755 122 1792 rum
137 1751 293 1790 annorum
309 1750 350 1790 ex
367 1729 516 1808 Ulymis,
539 1728 594 1786 cui
616 1742 834 1808 comparatur,
856 1729 1013 1791 militiast
1034 1737 1149 1793 errori-

54 1812 108 1876 bus
121 1813 232 1895 colligi
247 1836 313 1874 nou
331 1815 500 1894 ignorans,
523 1832 621 1872 meam
640 1811 893 1882 emendationem
908 1814 941 1872 in
957 1828 1079 1876 textum
1096 1838 1150 1878 re-

54 1901 161 1980 cipere
175 1898 308 1957 minime
330 1895 494 1969 dubitavi3
508 1916 511 1924 *
518 1896 701 1976 praesertim
725 1918 802 1955 cum·
817 1896 976 1959 levissima
1000 1900 1149 1982 interpo-

50 1984 174 2046 latione
189 1981 345 2041 Codicum
359 1981 546 2060 scripturam
564 1994 787 2060 repraesentet.
831 1981 963 2041 Utinam
977 1982 1084 2045 eadem
1099 1986 1148 2045 fa·

53 2070 179 2128 uilitate
192 2067 316 2146 reliqua
333 2063 417 2144 apud
434 2064 519 2125 bunc
535 2078 684 2145 corrupta
699 2065 746 2124 sic
758 2063 886 2146 liquido
902 2067 1070 2130 restituere
1085 2067 1147 2128 da-

52 2149 154 2213 retur!
192 2151 310 2211 Verum
333 2170 399 2209 non
426 2171 548 2229 semper
570 2149 617 2207 sic
636 2163 724 2231 patet
745 2147 785 2208 ad
804 2149 1058 2212 emendationem
1079 2155 1144 2218 via.

53 2237 116 2296 Cui
130 2235 215 2295 euim
228 2234 283 2294 hic
298 2235 330 2292 in
345 2248 480 2294 mentem
494 2234 557 2293 XX
571 2232 620 2293 illi
636 2233 713 2293 anni
731 2233 908 2310 venissent,
933 2235 997 2294 nisi
1015 2236 1093 2296 alibi
1108 2237 1143 2297 iu

51 2320 163 2382 eodem
185 2319 297 2380 libello
321 2318 360 2377 de
380 2318 421 2377 iis
443 2317 597 2400 legisset?
634 2319 709 2379 Non
732 2338 855 2398 semper
876 2319 985 2401 itaque
1008 2320 1152 2399 inertiae,

51 2408 301 2480 Enarratorum‚
324 2401 536 2463 Editorumve
551 2401 773 2482 imputandum
790 2417 853 2481 est,
883 2402 971 2485 quod
995 2418 1144 2486 corrupta

52 2487 137 2570 apud
158 2502 280 2550 veteres
305 2488 476 2567 scriptores
501 2487 595 2548 verba
619 2485 765 2546 edantur.
816 2487 898 2547 Suut
921 2488 1004 2550 enim
1026 2489 1146 2572 absque

52 2573 210 2635 Codicum
227 2594 288 2652 ope
303 2573 454 2654 quaedam
468 2569 670 2632 insanabilia.
715 2573 798 2631 Tum
813 2571 937 2634 demum
950 2573 1064 2634 merito
1079 2578 1146 2634 cul·

52 2656 153 2742 pandi
179 2672 270 2724 sunt,
301 2678 371 2714 cum
389 2677 487 2735 prava
507 2669 539 2715 et
563 2668 711 2736 corrupta
734 2676 793 2736 pro
808 2658 895 2715 sauir
918 2672 950 2718 et
965 2657 1099 2718 tradunt
1112 2671 1147 2720 et

53 2755 212 2803 enarrant.
235 2740 363 2799 somn.
408 2737 501 2814 Εἰκὸς
517 2740 580 2814 ἔτι)
603 2743 732 2803 Εἴκοσιν
754 2739 805 2819 ἔτη
825 2739 955 2801 Salanus
974 2741 1070 2822 jussit
1090 2763 1148 2802 re·-

53 2824 145 2908 poni‚
160 2844 218 2906 pro
234 2821 368 2883 absurda
384 2824 508 2884 seilicet
525 2826 670 2906 vulgata3
691 2845 731 2884 ex
743 2844 771 2882 o.
786 2831 817 2890 Ξ.
832 2836 867 2885 et
880 2831 931 2890 77.
947 2823 1041 2906 hujus
1054 2825 1145 2888 Dial.

55 2910 119 2970 Cui
135 2930 244 2989 parere
257 2907 316 2966 vix
334 2905 528 2982 dubitarem,
553 2907 628 2988 quia
645 2904 826 2968 emendatio
839 2921 886 2968 est
899 2907 978 2968 adeo
992 2909 1149 2970 manifes-

56 3010 107 3069 ta,
131 3009 163 3052 et
176 2993 312 3053 mutatio
330 2989 409 3052 adeo
426 2992 553 3074 exigua.
596 2992 713 3053 Verum
727 2991 802 3071 quia
816 3012 921 3074 neque
932 2994 999 3053 ullo
1014 2992 1147 3070 Codice,

57 3100 163 3159 neque
178 3076 336 3137 Editione
347 3092 395 3136 est
410 3074 557 3151 suffulta,
581 3089 614 3136 et
629 3076 748 3137 Gesaen'
761 3076 866 3137 versio
881 3098 1008 3138 sensum
1028 3099 1067 3139 ex
1079 3081 1151 3138 rul-

56 3178 129 3246 gata
145 3163 234 3223 elicit
246 3161 321 3221 satis
342 3165 490 3241 planum,
512 3182 578 3221 non
603 3161 704 3220 ausim
721 3161 825 3242 ipsum
840 3174 1027 3222 contextum
1042 3175 1151 3222 muts-

53 3272 107 3323 re‚
136 3247 198 3308 etsi
217 3245 326 3307 Saloni
350 3245 605 3307 emendationem
628 3244 720 3307 valde
740 3246 852 3327 probo.
888 3248 1010 3310 Rarrz.
1061 3247 1150 3306 Scite

56 3330 187 3414 quidem
204 3345 252 3392 est
265 3330 371 3390 versio
390 3328 524 3407 Gesnen‘,
547 3329 602 3393 sed
615 3330 803 3392 necessitate
819 3351 983 3412 expressa,
1000 3330 1045 3390 ita
1058 3328 1151 3390 scili·-

55 3434 107 3477 cet
123 3430 301 3496 comparata
311 3461 319 3490 ,
343 3415 433 3496 quasi
453 3416 486 3474 in
502 3429 595 3476 textu
610 3418 752 3499 legetur:
774 3412 798 3495 ἢ
812 3408 870 3480 ou'rr
885 3412 924 3479 dv
938 3413 1018 3490 εἰκὸς
1030 3407 1071 3495 ἦν
1084 3439 1151 3478 πα-

53 3507 193 3584 ραμεῖναί
208 3523 240 3565 σε
253 3496 335 3587 αὐτῷ
346 3515 407 3562 etc.
436 3501 550 3584 Neque
567 3499 646 3560 adeo
663 3500 741 3560 haec
756 3499 850 3560 uobis
864 3521 976 3562 norme
992 3519 1059 3562 esse
1076 3512 1150 3579 pot·

53 3602 102 3648 est
119 3601 226 3648 textus
249 3585 479 3647 constituendi.
524 3586 611 3668 Ergo
637 3605 730 3662 quam
746 3586 906 3667 egregiam
923 3581 1030 3646 Saloni
1044 3603 1151 3645 emen·

55 3672 218 3733 dationem
242 3669 416 3750 probarunt
433 3669 567 3733 Reitzius
581 3683 613 3730 et
629 3667 844 3744 Schmioderus,
867 3690 934 3730 eam
956 3689 1016 3729 neo
1039 3666 1152 3737 haesi-

55 3770 161 3816 tantes
175 3756 272 3815 iidem
288 3755 428 3833 recipere
448 3753 612 3815 debebant.
658 3752 754 3833 Quod
778 3753 927 3832 equidem
948 3773 1036 3812 nunc
1057 3765 1149 3813 tauto

54 3839 218 3898 lubentius
233 3840 311 3913 feci,
333 3861 428 3918 quum
445 3839 539 3898 etiam
555 3837 677 3898 Belinus
690 3852 722 3896 et
742 3836 925 3898 Wielondius
941 3837 1028 3896 illam
1044 3835 1152 3898 Soloni

55 3925 228 3983 lectionem
254 3924 287 3980 in
312 3921 632 4003 interpretationibus
653 3923 720 3980 suis
746 3924 848 3982 secuti
873 3923 949 3981 siut.
990 3921 1043 3983 sic
1068 3919 1152 3981 iliud

56 4005 132 4071 κατὰ
148 4002 378 4081 τόνὊδυσσὲα,
403 4007 488 4087 quod
507 4008 584 4066 alias
602 4007 709 4067 nescio
726 4028 766 4064 an
787 4007 884 4066 nimis
907 4004 1020 4087 vagum
1047 4006 1150 4076 foret,

58 4107 176 4152 certam
192 4092 312 4173 accipit
328 4114 364 4153 ac
380 4092 570 4153 destinatam
585 4092 667 4168 vim,
699 4096 875 4178 salsamque
890 4092 987 4153 simul
1007 4086 1152 4153 vicennii
