2634 4680
302 319 546 369 nuauoumus
570 317 650 368 suu
674 317 726 366 un
751 317 884 367 socna.
1069 295 1121 380 45

80 468 162 556 όπέρ
176 470 215 557 y)
245 466 374 545 ἑαυτοῦ,
406 465 428 533 ό
450 469 541 533 οἴεται
561 466 745 548 ξυμφέρειν,
782 460 849 528 ἄλλ’
873 457 986 545 ὁμοίως
1005 461 1230 552 depostulans·

81 570 278 657 όιιροᾶσθαι.
308 568 393 647 (όςΖ)
414 573 491 656 ῥᾷον
511 566 748 645 ἀντεξετάζοντες
762 567 794 639 “)
823 563 897 639 voda
914 563 1040 649 λόγους,
1066 563 1124 632 εὖ·

86 681 220 761 ρίσκοιεν
234 669 354 753 τόληθῆ
368 662 404 746 b)
426 695 456 734 τε
466 673 518 734 καὶ
530 675 641 750 ψευδῆ.
664 671 715 732 καὶ
729 664 769 750 ἥν
782 692 814 750 γε
827 663 866 747 μὴ
882 665 962 733 οὕτω
975 676 1123 746 ποιῶσιν,

85 780 204 859 ἐφιέναι
237 781 359 840 δίδωσιν
381 768 398 835 ό
423 770 518 851 νόμος
538 776 580 847 εἰς
604 773 705 854 ἕτερον
727 765 928 851 δικαστήριον.
977 779 1122 850 Τοιαῦτα,

86 877 158 944 dna
170 881 204 959 ο)
227 874 308 953 εἰκός
330 880 408 960 ἐρεῖν
429 868 548 948 αὐτούς.
584 868 633 936 Ἢ
647 865 715 954 τόγ’
732 870 777 936 ’όν
789 897 834 944 τις
849 867 949 936 ainau
965 876 1017 937 καλ
1031 900 1124 954 προς·
1142 896 1184 960 31

84 977 184 1065 ἔροιτό
202 1005 247 1060 με,
271 981 334 1043 εἰπέ
345 1003 407 1059 μοι,
430 976 533 1059 λέγων,
558 968 723 1053 sisinnius,
747 977 960 1053 εἴτιςΛίθίοψ
975 975 1049 1055 μηδὲ
1060 973 1128 1038 πόα

83 1110 158 1152 ποτε
172 1077 207 1157 ⁶)
230 1078 339 1155 ἅλλους
352 1074 540 1160 ἀνθρώπους
553 1075 644 1153 luds,
672 1075 734 1142 οἷοι
746 1071 833 1157 ἡμεῖς
845 1076 949 1156 ἐσμὲν,
972 1075 1023 1139 διό
1034 1072 1068 1139 τό
1082 1072 1125 1158 μὴ

84 1184 348 1265 ἇποδεόημηκέναι
367 1178 546 1262 τοπαράπαν
561 1183 606 1256 e),
629 1181 661 1242 ἕν
673 1205 732 1242 τινι
744 1171 775 1259 t)
799 1177 932 1263 συλλόγῳ
945 1160 1004 1240 τῶν
1017 1175 1126 1242 Αἰθιό-

87 1270 156 1355 uod
172 1288 391 1366 όιϊσχυρίζοιτο,
413 1283 465 1344 καὶ
476 1282 554 1364 λέγοι
569 1276 726 1361 μηδαμόθι
741 1287 795 1361 τῆς
809 1287 864 1363 γῆς
882 1275 1067 1362 ἀνθρώπους
1081 1277 1127 1344 εἷ·
1145 1344 1169 1355 ,,

86 1417 138 1458 ναι
160 1384 304 1462 λευκοός,
330 1381 351 1465 γ’γ’
379 1380 530 1461 ξανθοός,
564 1383 683 1463 pabit)
706 1378 777 1447 όὶλλο
799 1407 827 1446 τι
847 1377 869 1462 ἦ
890 1384 1036 1462 μέλανας,
1068 1376 1233 1470 deep-772.

87 1482 249 1558 mzedon'
268 1486 307 1553 dv
321 1482 376 1550 ὑπ’
393 1483 510 1556 adonim
533 1479 603 1566 dih)
627 1488 655 1549 εἰ
669 1487 750 1548 εἴποι
767 1510 810 1559 τις
824 1478 866 1547 όν
874 1483 951 1564 πρός
964 1477 1126 1552 advivens

85 1615 166 1680 soto
188 1591 302 1675 υτέρων
320 1583 498 1668 Αἰθιόπων,
521 1584 559 1652 od
584 1588 616 1654 δὲ
637 1583 693 1671 δὴ,
716 1582 818 1654 πόθεν
832 1593 941 1666 ταῦτα,
967 1580 1125 1674 doposi-

121 1782 164 1852 γ)
182 1772 290 1847 dubo]
308 1777 373 1848 περὶ
385 1777 476 1843 idem,
493 1779 587 1831 minus
598 1779 687 1841 bene,
705 1779 745 1832 ait
758 1779 846 1831 Belin.
880 1779 1020 1853 Deinceps
1033 1776 1127 1835 αότοῦ
1187 1791 1190 1794 “

158 1848 269 1901 sola'B.
287 1865 312 1914 5.
362 1853 393 1912 z)
413 1842 474 1913 οός]
493 1840 525 1908 ὃς
546 1851 612 1901 Ago.
627 1848 768 1899 mendose.
813 1852 847 1910 a)
867 1842 1127 1914 ἀντεξετάζον-

156 1922 234 1981 τες]
254 1919 319 1983 „lta
333 1926 408 1967 recte
420 1918 442 1966 J.
457 1917 490 1966 Β.
506 1932 530 1966 2.
546 1917 590 1979 (et
603 1917 646 1981 ὅ.)
661 1926 689 1966 et
704 1918 748 1968 W.
772 1909 994 1980 όντεξετοὶζοντας
1006 1920 1080 1970 male
1093 1921 1126 1975 A.

159 2007 187 2040 1.
204 1994 249 2048 (et
264 2003 289 2038 2.
304 2001 426 2036 necnon
442 1985 473 2036 B.
492 1987 523 2048 ι)
543 1985 578 2036 H.
592 1985 631 2034 Fl.
648 1987 709 2036 Par.
723 1986 750 2037 S.
766 1984 939 2052 habebant.“v
973 1989 1008 2050 b)
1026 1985 1129 2056 τόλη·

156 2055 232 2123 θῇ]
248 2049 285 2106 τοὶ
300 2054 376 2121 uapor]
388 2054 453 2120 13.5.
466 2069 529 2104 vere
542 2052 639 2104 insana
652 2053 746 2106 lectio.
784 2058 817 2121 c)
840 2050 1020 2122 Τοιαῦτα,
1038 2051 1129 2110 ἅττα

159 2127 237 2191 eto]
256 2127 332 2175 Haec
349 2123 432 2192 vulgo
458 2139 523 2174 cum
546 2123 773 2179 antecedentibus
791 2123 950 2176 arctissime
964 2127 1127 2193 conjuncta,

158 2193 285 2262 Sepholdi
299 2197 455 2260 exemplum
469 2200 597 2255 secutnsr
611 2209 697 2259 quum
709 2208 752 2242 res
766 2192 825 2262 ipsa
839 2193 990 2263 flagitaret,
1008 2196 1129 2248 maxima

160 2261 342 2315 distinctione
363 2260 497 2328 separavi.
544 2260 579 2321 d)
596 2258 683 2328 μηδὲ
700 2257 981 2335 noinoia1‚,pijdb
998 2259 1127 2330 πώποτε]
1175 2299 1179 2308 1

162 2331 210 2385 Sic
228 2333 250 2382 J.
267 2333 297 2383 A.
316 2349 337 2383 ι.
354 2340 381 2381 et
393 2330 420 2382 S.
439 2327 512 2397 μηδὲ
525 2326 597 2383 nain·
611 2341 720 2385 ceterae
734 2340 761 2381 et
775 2334 814 2383 Μ.
839 2331 1021 2400 μηδεπώποτε
1034 2337 1066 2386 Β.
1082 2333 1129 2390 2.“

161 2403 227 2453 Hoc
240 2410 268 2451 et
280 2401 314 2451 B.
328 2417 353 2468 3.
369 2409 396 2450 et
411 2402 501 2468 Se)»b.;
522 2398 599 2469 quod
617 2401 708 2467 primo
723 2400 788 2450 loco
803 2401 909 2454 dicium
924 2407 1011 2454 Beira.
1026 2407 1127 2470 etBip.

161 2479 342 2536 receperant,
361 2477 403 2519 est
421 2469 505 2520 etiam
520 2468 596 2520 in'B.
613 2486 634 2519 1.
648 2478 674 2518 et
689 2469 721 2518 A.
737 2486 777 2534 1.„;
796 2472 869 2539 quod
890 2472 983 2523 medio
999 2468 1129 2541 denique,

163 2556 218 2591 nos
232 2555 297 2589 cum
311 2538 397 2588 Schm.
412 2538 583 2606 scripsimus.
620 2537 665 2588 Cf.
678 2554 737 2604 cap.
752 2555 809 2607 seq.
844 2542 874 2605 e)
893 2536 1130 2609 τοπαράπαν]

163 2609 209 2661 Ita
224 2610 254 2659 A.
273 2624 295 2657 1.
313 2625 337 2660 2.
352 2610 439 2658 Βάκ.
460 2616 488 2657 et
501 2615 618 2659 recentt.
637 2601 671 2661 ’τό
691 2603 824 2675 παράπαν
845 2611 876 2660 Β.
894 2629 916 2661 1.
932 2627 957 2676 ς,
995 2611 1055 2662 Vid.
1071 2612 1129 2661 Pro

164 2678 249 2745 Laps.
266 2693 290 2728 c.
304 2676 328 2728 6.
344 2678 424 2727 Varr-
439 2677 529 2728 Lectt.
564 2675 594 2739 f)
612 2672 648 2727 ἒν
665 2679 756 2743 τινι]
775 2678 821 2729 Sic
834 2677 864 2729 in
876 2689 943 2729 vett.
956 2679 1027 2733 Edd.
1042 2679 1132 2746 scrip·
1228 2722 1231 2728 .

166 2755 241 2798 tum·
275 2746 362 2797 Reitz.
377 2753 404 2795 et
417 2755 533 2799 recentt.
549 2742 651 2798 ἔντινλ.
687 2745 723 2816 g)
742 2743 850 2817 μηδὲ]
871 2741 908 2817 μή
925 2744 956 2800 δὲ
972 2755 1000 2798 Α.
1017 2765 1040 2802 1.
1055 2766 1080 2805 ν.
1096 2749 1132 2799 Β.

169 2832 195 2866 1.
207 2831 234 2881 3.
269 2813 322 2865 Sed
340 2810 412 2882 μηδὲ
427 2816 514 2865 Reiiz.
532 2825 559 2866 et
573 2822 690 2866 recentt.
743 2815 782 2878 b)
806 2810 882 2884 ἢεί]
908 2811 964 2884 ,,ὴ“]
990 2816 1037 2868 Sic
1049 2819 1073 2868 J.
1089 2815 1133 2868 ΡΙ.
1239 2850 1242 2857 -

166 2886 233 2937 Par.
247 2883 281 2934 H.
299 2893 327 2934 et
342 2885 406 2934 M.“
443 2883 489 2934 sic
508 2892 536 2934 et
558 2884 590 2935 B.
608 2901 668 2950 ug.
693 2884 723 2933 A.
742 2900 765 2934 ι.
782 2902 806 2936 2.
843 2885 1034 2952 Nihilominus
1057 2886 1133 2951 conj.

173 2955 252 3005 Gens.
266 2948 287 3021 ἢ
300 2953 337 3019 εἰ,
355 2968 387 3003 re
400 2952 461 3020 ipsa
480 2952 642 3020 probatam,
661 2951 786 3018 recipere
801 2970 859 3030 nop
873 2954 1046 3007 dubitabam.

97 3109 250 3172 similiter
275 3108 385 3170 audire
410 3123 595 3191 utramque,
618 3107 796 3186 bomines,
819 3114 928 3190 quales
943 3131 1001 3170 nos
1013 3118 1133 3184 sumus,

93 3212 165 3281 'quo
181 3195 320 3272 facilins,
343 3195 534 3274 comparatis
547 3195 596 3252 in.
639 3209 820 3274 usurpasset
840 3196 961 3268 oculis,
978 3187 1021 3254 ὀο
1047 3193 1135 3278 quod

97 3283 203 3341 vicem
249 3279 470 3354 orationibus,
517 3279 596 3360 quid
640 3279 743 3358 patria
757 3277 867 3358 pedem
883 3280 1136 3355 nonextulisset‚

97 3386 211 3426 verum
226 3365 384 3423 falsumve
405 3364 449 3423 sit
471 3363 596 3423 inveni·
639 3363 694 3422 bio
712 3363 813 3444 igitur
836 3363 871 3421 in
895 3363 1053 3423 concione
1074 3363 1137 3422 Ae-
1160 3410 1163 3415 .

99 3463 177 3509 ant:
200 3448 274 3509 etsi
292 3465 396 3507 tamen
410 3448 455 3506 ita
469 3469 534 3506 non
550 3449 595 3510 fe·
632 3447 789 3526 *thiopum
819 3447 1017 3507 adseveraret
1037 3456 1136 3526 atquo

98 3533 205 3599 corint
226 3532 378 3613 judices,·
397 3530 597 3611 provocandi
641 3529 778 3602 diceret,
799 3552 958 3610 nusquam
983 3545 1137 3591 terrarum

98 3616 140 3677 nd
155 3616 245 3693 aliud
255 3615 395 3675 tribunal
407 3631 598 3696 potestatem
640 3614 786 3676 homiues
803 3635 870 3674 ease
885 3613 993 3683 albos,
1016 3618 1068 3674 vel
1082 3612 1138 3674 fla·

97 3699 297 3763 lextribuit.
343 3702 434 3760 Talia
450 3701 514 3761 fere
529 3697 599 3758 dio-
641 3721 716 3771 vos,
755 3696 974 3779 naque‘aliud
1002 3719 1138 3777 usquam

99 3799 192 3845 turos
219 3785 293 3844 illos
319 3786 388 3844 veri
411 3785 517 3844 simile
538 3799 597 3844 est.
622 3783 706 3840 nisi
720 3782 845 3862 nigros,
870 3782 1025 3864 numquid
1041 3780 1137 3843 fidem

82 3871 171 3929 'Aut
206 3869 292 3929 forte
324 3868 452 3928 illorum
484 3867 600 3950 aliquis
643 3865 729 3946 apud
753 3867 828 3925 illos
853 3865 1025 3927 inveniat?
1070 3860 1139 3926 Ant
1169 3874 1174 3881 '

102 3967 266 4034 praeterea
278 3973 328 4015 me
340 3951 601 4036 interroget,Dio
642 3950 759 4031 siquis
774 3950 804 4008 ei
819 3948 857 4010 de
870 3950 1043 4031 majoribus
1059 3965 1139 4011 natu

104 4034 206 4114 nihi,
228 4038 376 4116 Lyciae,
399 4037 429 4097 si
450 4036 522 4120 quis
539 4036 599 4096 Ae·
643 4033 860 4114 Aethiopibus
882 4034 986 4110 dicat,
1018 4039 1069 4095 Tu
1086 4057 1139 4096 ve-

104 4118 236 4206 tbiops‚
262 4121 321 4207 qui
332 4120 416 4185 alios
434 4140 601 4207 nunquam
642 4138 679 4181 το
696 4116 782 4181 unde
797 4118 897 4197 haec,
920 4117 1138 4197 audacissime,
