2634 4680
330 319 523 370 ravanus
551 302 921 373 marcomannis.
1026 300 1029 304 ‘
1104 305 1182 380 696

77 469 155 532 satis
170 465 343 551 perspicio.
386 467 448 526 Est
469 479 575 528 tamen
594 467 714 528 Graeca
732 488 798 527 vox
815 467 1015 552 καββαλικός,
1037 473 1089 533 vel
1104 471 1183 534 huic

77 554 225 638 proxima
239 550 415 637 καββᾶλιος,
433 571 528 633 quam
542 551 593 615 M.
605 550 751 612 Aurelius
764 553 779 632 (
787 552 864 631 VII,
875 553 949 635 52.)
969 570 1002 616 ct
1015 557 1071 616 alii
1090 579 1182 618 usur.

77 653 157 723 pant
178 635 358 722 projiciendi
377 657 485 699 sensu.
527 636 611 698 Vide
634 635 761 696 adeum
783 639 891 698 locum
913 638 1184 707 Gasakerinotct
1222 644 1230 664 ¹

77 724 159 789 Plus.
172 732 246 800 421,
262 732 292 789 2.
313 716 579 802 καββαλικώτερος.
624 719 686 782 Sed
702 740 805 801 poue,
828 724 992 807 regionem
1007 730 1185 810 Καββαιοςῑ,

78 831 136 874 σαν
151 808 226 869 ideo
246 807 375 883 dictam,
394 806 469 890 quia
488 808 629 869 feminae
646 805 726 866 istae
740 804 879 866 advenas
895 823 1080 890 mactarent,
1103 815 1183 898 quid

79 894 141 955 erit
156 892 231 953 urbs
242 888 451 973 ’Τδαμαρδίας
472 890 569 951 Parvi
583 888 713 973 quidem
726 888 790 951 boc
804 892 923 966 referta
947 893 1003 955 sed
1019 909 1124 958 tamen
1142 898 1184 960 sd
1286 914 1289 920 ’

77 1001 189 1061 aquam
203 974 337 1053 alludit,
362 977 397 1035 ia
411 997 503 1060 qnam
518 995 627 1058 megae
641 973 723 1036 istae
733 995 766 1036 sc
780 976 1019 1044 convertebant.
1062 983 1184 1066 Regio·

79 1083 152 1122 nem
176 1059 366 1123 Gabalensem
386 1075 540 1122 memorat
557 1059 666 1122 Strabo
680 1059 775 1121 XIII.
797 1059 857 1120 sub
876 1060 931 1124 fin.
946 1083 979 1144 p.
996 1085 1035 1129 m.
1052 1073 1128 1135 434.
1142 1068 1183 1130 A.

80 1147 206 1206 Sonus.
252 1150 433 1228 Καβαλοῦσα
451 1145 537 1205 lorte
558 1148 837 1226 casanatensem
862 1145 977 1222 idest,
1001 1157 1185 1228 καταβαλοῦ-

80 1252 138 1304 σα,
162 1228 317 1308 dejiciens
332 1230 477 1290 homines
491 1227 531 1288 ad
545 1230 601 1289 illa
614 1237 824 1311 χαμαιτυπεῖα.
870 1229 962 1291 Circe
975 1227 1187 1317 ‘Tdupapdiau

81 1336 131 1374 res
145 1312 319 1376 difficilior.
363 1315 397 1374 Si
414 1329 564 1375 eventum
579 1315 773 1374 narrationis
791 1328 932 1395 spectes,
955 1319 1059 1395 possis
1073 1323 1186 1402 suspi-

82 1401 164 1475 cari,
183 1395 397 1482 ‘Tlapavplav
413 1397 538 1460 dedisse
554 1398 742 1474 Luciunum,
766 1397 818 1463 dud
829 1397 863 1464 sd
880 1403 923 1474 εἰς
932 1396 1015 1483 ὕδωρ
1029 1400 1186 1488 ἀμαυροῦ·

86 1494 161 1547 σθαι
177 1483 232 1561 τὰς
250 1494 410 1567 γυναῖκας·
441 1497 479 1542 ut
500 1503 615 1563 nempe
633 1482 667 1540 iu
691 1504 824 1564 aquam,
852 1483 1052 1566 insumam,
1083 1491 1186 1567 ει,Χαί

85 1567 166 1649 quid
180 1568 231 1629 his
247 1571 396 1653 fugacius
412 1581 471 1641 est,
494 1565 613 1627 abeunt
626 1570 811 1646 voluptates
826 1591 989 1646 venereae,
1013 1588 1185 1654 postquam

85 1654 228 1733 dejecere
240 1654 386 1737 ignavos,
410 1668 442 1715 et
455 1652 573 1712 similes
588 1650 773 1712 libidinosis
789 1653 888 1714 asinis
899 1653 1056 1718 homines.
1079 1660 1184 1721 sts.

82 1737 207 1798 Belinus
221 1739 416 1820 conjiciebat
434 1741 695 1819 Kasalfiudoaiou,
719 1736 796 1798 lisle
811 1737 861 1799 des
875 1744 1072 1821 connisanes,
1098 1767 1116 1804 u
1132 1770 1186 1808 ea-

87 1827 251 1906 σαλβαδες,
274 1822 448 1904 laudatque
465 1821 621 1904 Aristoph.
643 1836 675 1880 et
696 1825 766 1902 ejus
789 1822 896 1884 Schol.
914 1820 1019 1890 Ἐκκλ.
1041 1836 1184 1898 v.1106·

85 1909 159 1969 Bru.
202 1907 340 1968 Barbara
357 1906 435 1967 haec
447 1921 481 1967 et
493 1926 608 1965 arcana
623 1905 755 1966 aomina
771 1929 863 1968 nemo
879 1930 966 1968 nunc
979 1912 1076 1972 facile
1087 1914 1188 1975 inter·.

86 2007 248 2074 pretetur,
271 1996 339 2068 vel,
362 1991 391 2050 si
402 2011 420 2050 a
431 1990 570 2051 librariis
583 2004 732 2071 corrupta
749 1992 831 2070 sint,
854 1992 1008 2060 emendet.
1037 1998 1109 2059 Nec
1122 1997 1187 2060 Co-

85 2076 192 2136 dicum
208 2079 292 2162 Aug.
307 2090 341 2138 et
352 2077 442 2137 Gorl.
459 2068 781 2157 IectIo‘quupapdlu
795 2082 930 2137 multum
968 2079 1075 2143 rnebet
1089 2082 1186 2155 lucis,

84 2182 274 2246 quamquam
290 2160 410 2224 Gesnm’
422 2165 625 2243 conjecturae
637 2158 761 2241 aliquid
777 2177 919 2222 moment
968 2163 1063 2227 dders
1077 2166 1187 2227 vides·

84 2261 148 2311 tur.
187 2248 289 2308 Belini
305 2250 545 2329 Κασαλβαδοῦσα
562 2244 731 2327 ingeniose
745 2260 829 2308 certe
846 2245 919 2307 ficta
935 2264 994 2310 est.
1041 2249 1186 2312 Omnino

85 2345 191 2392 autem
211 2333 396 2397 Wielandius
409 2329 534 2414 judicat
546 2351 662 2412 operae
675 2351 741 2391 nan
755 2351 823 2394 esse
838 2331 873 2392 in
888 2332 971 2394 hauc
984 2357 1050 2396 rem
1062 2334 1186 2400 studio-

85 2418 153 2477 sius
168 2418 387 2501 inquisivisse.
409 2418 529 2479 Lena.

173 2503 421 2585 Pag.320.1.t·
444 2501 625 2586 Λαβοῦσαι)
646 2502 743 2586 Angl.
759 2506 948 2568 daciusosias·
972 2505 1106 2568 Bonan.
1142 2566 1145 2571 ,

171 2587 248 2650 End.
262 2592 283 2646 l.
296 2596 327 2653 2.
347 2582 483 2666 ‘Esaiam
503 2585 582 2666 πρὸς
605 2583 715 2663 ἑαυτὴν
731 2582 850 2669 ἐπῆγε,
864 2590 922 2652 sul
938 2589 1024 2665 ξένον
1038 2592 1188 2672 ἐποιεῖτο)

87 2670 267 2744 Interpres:
298 2695 393 2730 secum
436 2695 556 2752 uemque
577 2669 712 2750 singulae
730 2669 921 2733 abduxerunt
941 2689 1002 2734 etc.
1034 2676 1188 2737 Mallem:
1267 2702 1271 2711 ’

86 2751 222 2834 singulae
249 2779 389 2837 quemque
410 2697 529 2815 domum
552 2777 637 2814 suam
660 2752 858 2816 abduxerunt.
901 2757 952 2817 Ita
975 2759 1114 2838 passim,
1147 2754 1191 2835 ὥς

90 2834 199 2915 αὑτὸν,
221 2853 255 2899 et
271 2841 348 2923 πρὸς
367 2837 493 2915 ἑαυτὸν,
516 2832 594 2918 παρ’
610 2837 660 2917 ἐμὲ
675 2852 737 2900 etc.
782 2838 836 2900 Sic
853 2840 887 2899 in
903 2841 994 2900 Asin.
1013 2864 1040 2905 c.
1056 2850 1109 2911 42.
1126 2845 1190 2909 lm.

89 2928 158 2997 θείς
172 2920 290 3002 parada
304 2921 423 3003 πυρὸν,
446 2920 487 2998 ὥς
500 2919 608 2987 ἑαυτὸν
621 2923 770 3003 ἤλαυνεν,
793 2926 931 3006 imposito
943 2927 1017 2986 mili
1034 2930 1133 2990 tritico
1146 2928 1190 2989 ud
1257 2926 1261 2943 '

89 3034 136 3084 se,
161 3007 194 3071 b.
209 3029 237 3068 c.
253 3008 293 3069 ad
309 3008 403 3070 aedes
419 3029 510 3084 suas,
532 3033 578 3069 me
591 3007 724 3071 ducebat.
768 3006 824 3070 Sic
840 3009 935 3071 etiarn
952 3010 1033 3074 ibid.
1049 3034 1119 3096 cap.
1133 3019 1188 3084 55.

91 3108 125 3154 et
140 3092 175 3151 in
194 3094 307 3169 Gallo,
331 3093 395 3156 fine
409 3116 436 3158 c.
453 3098 510 3154 ult.
525 3087 601 3174 παρ’
616 3090 705 3175 ἡμᾶς.
728 3093 894 3156 Vrrarac.
1250 3147 1254 3156 .
1273 3162 1276 3169 ,

177 3176 256 3239 Ibid.
275 3172 361 3264 Ἐγώ
377 3180 408 3244 tt
425 3175 534 3261 μικρὸν
552 3175 705 3260 ὑποστὰς)
733 3177 857 3240 Belinus
877 3178 916 3239 sd
938 3178 969 3244 h.
993 3184 1013 3247 1.
1036 3179 1216 3247 ednotus

90 3263 126 3323 Je
145 3285 311 3348 soupponne
325 3289 381 3325 une
401 3264 506 3327 lacune
518 3262 595 3325 dans
618 3281 662 3327 cet
675 3262 806 3339 endroit,
831 3265 868 3324 ori
887 3263 1005 3327 letexte
1019 3266 1083 3329 dit:
1104 3288 1190 3348 pour

92 3348 159 3408 moi
181 3352 211 3428 je
225 3350 383 3409 m’arrdtai
404 3371 447 3409 nn
466 3370 541 3430 peu:
586 3347 671 3412 Cene
682 3350 851 3431 peut-dire
869 3348 946 3410 dans
960 3350 993 3411 la
1010 3375 1191 3433 campagnes

91 3437 168 3493 mais
188 3433 256 3493 citez
273 3433 306 3493 la
327 3439 492 3495 courtisans
511 3432 588 3516 qu'il
606 3436 756 3518 apperpoit
772 3430 815 3493 les
828 3456 970 3495 ossemens
984 3434 1056 3496 dont
1068 3436 1094 3496 il
1103 3435 1190 3518 parle

88 3518 160 3599 plus
175 3517 246 3598 bas3
268 3534 296 3576 et
311 3522 337 3578 c'
352 3535 394 3579 est
404 3521 564 3601 peut-altre
577 3543 618 3580 ou
632 3533 759 3580 moment
777 3518 815 3578 ori
829 3517 884 3578 elle
898 3518 943 3579 lui
957 3521 1061 3605 ‹ffroit
1073 3520 1191 3666 “Za-
1224 3550 1230 3571 ι

90 3628 191 3678 neure,
214 3602 291 3684 qu’il
302 3602 363 3677 dit,
386 3608 417 3685 je
430 3604 590 3663 m’arretai
604 3618 664 3666 etc.
689 3605 763 3664 Bra.
807 3602 963 3687 Argutius
977 3609 1055 3666 baec
1066 3605 1112 3667 Be
1129 3608 1136 3621 ‘
1156 3631 1191 3666 us

93 3687 230 3747 disserit.
262 3679 346 3770 Ἐγώ
369 3690 401 3752 di
422 3686 532 3770 μικρόν
549 3683 686 3763 ὑποστὰς
700 3702 765 3748 est:
788 3709 847 3748 non
862 3691 964 3749 statim
978 3690 1135 3772 sequebar,
1158 3705 1191 3750 ut

91 3776 194 3847 ceteri,
217 3767 272 3830 sed
284 3772 451 3855 paullulum
472 3789 644 3849 cunctatus,
668 3797 756 3855 quum
779 3776 1029 3856 circumspicerem
1040 3788 1100 3838 etc.
1120 3798 1192 3858 pro·

91 3856 159 3915 vide
174 3883 237 3918 sum
251 3875 277 3917 et
294 3874 378 3920 caute
390 3876 512 3920 secutus.
559 3859 710 3919 Secutum
726 3871 829 3917 autem
852 3879 885 3918 se
905 3879 1054 3920 essenon
1071 3857 1192 3918 diserte

93 3940 222 4018 quidem
238 3941 338 4020 dicit,
362 3943 417 4004 sed
432 3942 597 4025 colligitur
610 3964 650 4002 ex
666 3941 754 4000 omni
771 3942 964 4004 narrationis
980 3945 1091 4005 forma.
1112 3943 1191 4004 Non

92 4023 212 4084 frustra
236 4050 349 4110 nempe
372 4027 492 4088 dictum
511 4024 619 4109 μικρὸν
639 4021 791 4102 sinuosis,
827 4042 861 4089 et
881 4032 1095 4112 paullopost:
1124 4022 1192 4108 μετ’

95 4100 199 4193 dllyou
213 4112 261 4189 tl,
290 4111 312 4177 i.
326 4135 354 4176 e.
371 4135 470 4197 quum
485 4116 548 4195 jam
565 4112 605 4173 ab
622 4110 752 4194 hospita
766 4133 867 4175 essem
888 4128 1051 4197 exceptus.
1071 4113 1191 4178 Lenta.
