2634 4680
300 313 339 359 ru
366 309 493 357 versu
521 310 724 358 rrrsroursu
749 311 821 359 uro.
849 314 872 359 r.
1031 292 1134 369 -659

32 458 137 521 tionis
154 453 334 518 versionem
350 456 380 516 ei
397 453 569 537 adjiciens,
592 476 633 519 ue
651 452 731 516 mihi
748 453 846 517 nimis
867 459 1015 521 sumsisse
1035 457 1135 525 dicor.

31 547 160 606 Rerum.
205 539 253 601 Ut
274 538 377 620 probo
401 540 572 602 lectionem
597 548 706 617 κῦτος,
739 558 837 622 quem·
855 558 1021 605 secuturos
1047 566 1131 607 erum

31 629 179 699 scilicet,
202 624 230 685 si
245 621 354 686 videre
374 622 454 683 mihi
471 622 681 723 contigisset,
711 622 757 685 itu
780 627 942 709 vulgatum
960 633 1050 707 κῆπος
1072 627 1132 689 ab.
1256 634 1260 649 ·

31 712 161 774 surdam
177 730 242 768 uon
260 721 351 788 puto.
398 707 500 789 Quem
522 729 606 771 eorm
632 711 747 790 piscem
771 724 883 786 antes,
913 712 1016 795 qualit
1041 727 1130 776 extro

31 811 133 871 esset,
158 792 324 865 viderent,
350 792 504 868 eundem,
531 813 596 853 non
621 795 718 853 olium
743 793 776 851 in
798 793 855 855 illo
876 812 999 874 cetum,
1029 799 1131 880 qualit

30 885 76 942 sit
92 881 197 955 intus,
222 875 345 938 vident.
390 877 558 937 Caeterum
577 883 685 956 juvat,
714 877 787 937 dum
810 879 871 937 istu
892 895 1045 956 retracto,
1069 881 1131 939 ob-

31 986 178 1035 servare,
208 981 324 1021 nomeu
348 968 440 1035 κῦτος
459 966 619 1040 praeclare
635 962 828 1023 illustratum
844 984 859 1020 o
876 962 916 1023 D.
938 960 983 1028 W.
1004 966 1132 1029 Trillero

33 1050 113 1113 Obs.
132 1047 213 1108 Crit.
231 1067 262 1128 p.
277 1050 348 1113 215.
365 1045 421 1104 ubi
436 1043 518 1105 idem
542 1068 657 1108 nomen
679 1059 764 1108 recte
786 1044 947 1128 abjudicat
964 1046 1132 1113 Heliodoro

32 1132 187 1213 Aethiop.
202 1138 232 1197 9.
250 1151 281 1210 p.
296 1133 368 1198 445.
383 1151 428 1210 pr.
443 1144 475 1190 et
490 1128 536 1190 ibi
554 1153 618 1192 non
641 1138 730 1205 sidroc
745 1126 827 1194 ἅπαν
840 1129 873 1196 τὰ
888 1129 1053 1211 ποτάμιον,
1075 1132 1132 1196 sed

28 1219 143 1281 Nilum
155 1220 250 1289 κῦδος
265 1210 406 1279 ἁπάντων
420 1221 584 1295 ποταμοῖν,
606 1212 774 1297 legendum
793 1233 877 1291 esse,
901 1215 1011 1278 divine
1024 1223 1132 1298 conjo-

32 1304 96 1376 cit,
119 1305 215 1374 κῦδος
231 1301 300 1380 ipse
316 1302 389 1383 pipo
404 1299 509 1382 gentis
523 1315 668 1376 nostroe,
697 1315 730 1361 et
750 1299 991 1380 Apollinesrum
1015 1298 1097 1361 artiu

33 1386 176 1448 omnium
192 1386 353 1466 singulare
371 1399 600 1445 oruamentum.
625 1385 729 1447 Gusu.
776 1391 878 1462 Κῆτος
900 1382 930 1447 h.
946 1388 968 1445 1.
993 1386 1048 1445 vix
1065 1323 1132 1447 dd:

30 1470 123 1532 feodi
139 1483 253 1551 potest.
297 1469 366 1532 Jem
385 1488 450 1527 non
466 1475 570 1544 κῦτος,
592 1467 648 1530 sed
662 1467 772 1546 κύτος,
795 1466 1010 1532 scribendum.
1041 1469 1129 1530 1Νοῐι

32 1555 118 1616 enim
142 1552 276 1634 produci
302 1557 437 1633 priorem
459 1554 634 1632 syllabam,
665 1569 721 1614 sut
741 1554 913 1633 ancipitem
932 1573 1018 1628 esse,
1044 1551 1131 1633 quod

30 1640 165 1701 Reitzius
180 1653 295 1699 temere
309 1638 437 1710 sumsit,
463 1640 513 1697 vel
530 1636 605 1697 inde
626 1651 731 1720 patet,
756 1637 841 1721 quod
863 1658 879 1696 a
898 1636 962 1701 udor
986 1635 1132 1718 proxime

32 1722 213 1799 descendit,
243 1724 381 1806 priorem
406 1720 619 1802 corripiente,
652 1743 756 1803 oeque
780 1720 859 1783 odeo
886 1718 924 1781 ud
950 1723 1132 1805 ousiogiom

34 1808 264 1889 uocabulorum
280 1814 397 1887 μῦθος,
420 1816 518 1881 νῖκος,
543 1818 574 1866 et
590 1806 763 1881 similium,
787 1804 916 1883 referri,
938 1805 1003 1866 uisi
1018 1806 1056 1866 sb
1075 1806 1133 1866 im.

34 1895 159 1973 perito,
195 1907 310 1972 potest.
356 1891 549 1951 Constantes
574 1906 679 1951 autem
708 1888 864 1972 Euripides
885 1904 971 1951 certe
993 1893 1132 1972 priorem

33 1976 202 2056 corripuit.
229 1974 300 2038 Vid.
317 1975 429 2055 Suppl.
443 1980 574 2040 v.1209.
592 1974 684 2054 Cycl.
701 1981 813 2042 usur.
826 1975 899 2035 lou.
918 1993 947 2040 v.
963 1982 1017 2044 57.
1033 1989 1065 2037 et
1079 1981 1132 2044 39.

32 2062 150 2122 Lurrrt.

118 2145 192 2226 Peg.
212 2151 284 2211 260.
298 2147 363 2213 1.3.
382 2144 487 2247 sotir)
514 2140 567 2205 Ito
589 2164 629 2206 ex
652 2144 733 2204 Mss.
753 2141 855 2226 Regg.
878 2145 972 2211 2954.
990 2157 1022 2205 st
1037 2150 1134 2212 5⁰11.

32 2232 248 2310 expressimus
261 2251 319 2310 pro
339 2232 424 2311 vulg.
443 2253 519 2304 our,
541 2243 578 2288 ut
595 2229 717 2289 vitetur
733 2227 850 2291 hiatus.
873 2229 945 2292 Brr.

117 2315 191 2394 Pog.
208 2321 279 2381 261.
295 2318 318 2376 1.
335 2322 365 2383 8.
384 2308 516 2394 Ὀξέως)
537 2312 726 2375 Florentinoe
740 2318 814 2382 lect.
829 2310 914 2390 ὀξέος
927 2314 1039 2375 molem
1053 2333 1133 2389 esse,

34 2399 100 2462 vid.
114 2421 187 2458 mox
203 2421 231 2460 c.
246 2407 297 2466 40.
314 2399 338 2460 f.
356 2398 488 2461 Sonitu.
639 2458 644 2465 ,
1140 2398 1146 2419 “

116 2485 188 2565 Peg.
208 2491 278 2551 262.
293 2489 314 2546 l.
328 2491 357 2550 9.
388 2487 460 2564 Tor)
484 2479 572 2564 Quid
586 2481 666 2542 hoec
681 2481 837 2561 particulo
851 2502 945 2564 nepe
961 2480 996 2541 in
1014 2479 1134 2543 orstio.

31 2592 89 2644 ne,
115 2569 206 2650 quasi
225 2589 476 2648 supervacaneo,
501 2571 623 2639 voleat,
648 2581 753 2625 tomen
771 2587 836 2626 non
852 2566 980 2648 ignoro.
1011 2565 1134 2631 Athos

57 2651 160 2712 uidem
173 2652 206 2709 in
220 2657 294 2727 ioco
308 2650 475 2732 legendum
493 2671 606 2710 censeo
620 2671 676 2714 σοι.
700 2649 827 2711 Sousu.
872 2651 949 2711 Nou
966 2651 1133 2719 assentior.

33 2678 184 2817 Quoties,
207 2736 235 2794 si
250 2735 311 2795 ista
329 2733 505 2816 castigandi
524 2734 606 2791 ratio
619 2737 751 2810 yoieret,
774 2733 808 2792 in
826 2732 1030 2816 Xenophonte,
1045 2735 1134 2795 eliis·

34 2844 97 2903 que
115 2820 234 2900 primae
255 2821 364 2879 olsssis
387 2816 616 2898 scriptoribus,
645 2815 833 2899 corrigendo
858 2818 967 2877 forent
985 2814 1049 2898 'ipsi
1067 2845 1133 2896 sos,

35 2902 102 2972 ἀλλ’
123 2902 262 2987 ipsimi,
282 2900 339 2988 ἐγώ
356 2900 413 2986 γάρ
436 2928 500 2978 ros,
524 2914 556 2962 et
572 2922 654 2985 quas
669 2899 721 2960 his
745 2917 821 2961 sunt
838 2898 964 2977 affinio,
985 2897 1070 2984 ἡμεῖς
1085 2928 1134 2969 ros

33 3009 93 3057 stc.
118 2989 280 3071 inquibus
302 3002 333 3049 et
357 3003 501 3049 nostrum
517 2981 666 3068 καὶ-ἡμεῖς
678 3009 741 3060 τοι,
766 3003 793 3047 er
808 3008 862 3049 nos
876 2983 1013 3070 quidem,
1034 3003 1062 3047 st
1080 3011 1134 3050 nos

33 3080 141 3160 utique.
165 3077 283 3138 LuttM.
841 3111 846 3119 ·
952 3106 957 3115 ·
1123 3144 1126 3151 Ι

118 3158 195 3220 Eud.
211 3163 231 3223 l.
251 3167 299 3225 10.
320 3148 414 3243 Airp
430 3148 546 3235 ostiosi
564 3189 610 3206 -·
629 3149 873 3261 καταποθέντες)
894 3151 960 3217 Pro
979 3149 1037 3229 uir
1051 3146 1135 3244 odrpi

35 3244 153 3326 σκάφει.
198 3244 247 3303 Ito
269 3264 398 3326 quoque
411 3239 550 3324 Aleiplsr.
566 3242 592 3307 Ῑ.
612 3243 672 3322 Ep.
691 3249 718 3309 2.
734 3261 765 3320 p.
785 3246 832 3305 12.
850 3237 988 3319 apricio*
1003 3247 1134 3320 osorius

35 3329 138 3405 αὐτοῖς
156 3327 295 3406 ἰχθύσιν,
318 3324 407 3406 ἀφεὶς
427 3329 457 3391 di
481 3331 531 3391 sui
549 3323 629 3407 ἡμᾶς
651 3317 735 3402 αὐτῷ
751 3332 793 3410 τῷ
813 3322 932 3404 σκάφει.
976 3325 1028 3385 Ad
1050 3347 1133 3408 quse

34 3418 128 3481 verba
147 3411 276 3495 Bergler.
291 3417 381 3493 pluro
405 3412 521 3472 similis
543 3410 666 3486 adfert,
697 3431 778 3490 quse
802 3430 865 3471 uec.
884 3422 1044 3490 repetem,
1073 3428 1132 3473 uso

36 3503 171 3584 augebo,
196 3500 270 3582 quie
287 3512 374 3561 note.
397 3498 519 3557 liusrz.
562 3496 607 3555 Es
621 3494 706 3563 nihii
722 3495 755 3561 iu
765 3491 908 3555 Lucieno
920 3490 1132 3578 frequentius.

33 3591 152 3653 Lurrrr.
737 3644 741 3653 ,
986 3628 991 3649 .
1017 3622 1023 3649 ·.
1049 3620 1054 3627 ·
1100 3640 1103 3645 .

118 3670 192 3752 Peg.
208 3672 281 3735 268.
298 3667 319 3731 i.
336 3675 367 3736 3.
395 3672 450 3740 Τε)
475 3662 641 3727 Deficisus
657 3662 690 3741 iu
705 3660 788 3723 Edd.
803 3682 834 3727 ss
852 3655 1074 3742 supplevimus
1091 3681 1134 3723 ox

34 3760 116 3835 Μ...
131 3757 231 3836 ltegg.
250 3755 342 3819 2954.
362 3766 393 3811 et
409 3759 502 3820 8011.
519 3748 998 3833 propser-sequenssst.„,13.1‚1›.,.

51 3910 54 3917 ,
118 3838 198 3907 istd.
219 3834 260 3903 ‘0
277 3837 327 3913 δὲ,
352 3832 389 3911 od
403 3835 567 3915 πρότερον,
589 3836 668 3913 ἔφη,
692 3832 770 3916 ἐρεῖν
783 3833 863 3908 eto.)
886 3830 1031 3911 Asoopo
1045 3826 1135 3893 eher-
1241 3884 1246 3891 .

34 3924 137 4005 terit,
158 3920 366 4017 quihseoito
387 3920 567 3982 transtulit:
590 3915 737 3991 illeveru,
754 3939 817 3979 uon
835 3915 919 3999 prius
941 3910 1058 3991 dicem,
1084 3916 1134 3975 iu.

81 4010 90 4027 ⁰
112 4006 384 4093 ..writtitll'wit
396 4031 438 4069 ex
452 4031 514 4083 me,
536 4028 627 4091 quom
647 4003 775 4086 hospitio
796 4003 915 4083 excepti
935 3998 1135 4083 praesentibus

32 4023 120 4185 n
148 4168 152 4175 ,
178 4082 185 4101 ⁸
330 4092 406 4118 ““‘
421 4092 531 4157 usstr'
550 4087 822 4180 illem-negavit
841 4108 872 4149 re
892 4082 1057 4163 dicturum,
1081 4097 1135 4147 urst

829 4172 927 4237 Tt2
