2634 4680
156 256 233 327 κθ
424 261 994 315 anuorsrronns
1084 314 1088 321 ,

212 442 249 481 ιιι
263 438 332 480 uon
346 414 500 491 dabatur,
522 432 584 493 opo
599 424 705 471 tamen
727 407 957 492 philosophiae
969 421 1004 471 et
1015 408 1176 475 meliores
1200 431 1265 475 sets

156 445 367 573 mentiones
385 498 444 575 iis,
469 516 550 579 quos
566 494 746 577 sapientiae
759 498 848 555 nulle
871 516 946 555 cura
968 508 1077 575 tenet,
1108 516 1265 559 evasuros

158 593 196 653 ln
209 584 270 652 hs'o
284 585 368 661 rite,
391 581 431 643 sd
447 581 577 641 virtutis
589 578 832 662 sapientiaeque
842 577 985 639 studium
1006 580 1088 641 satis
1108 600 1166 639 me
1216 600 1267 641 um

157 685 353 739 momentum
366 665 470 728 videri
483 663 601 727 decuit.
645 662 762 745 Neque
777 682 811 723 ea
829 664 1081 741 Luciouimeus,
1104 678 1148 725 ut
1191 664 1268 725 orni·

158 781 214 823 nes
231 779 249 817 e
272 752 450 834 supientiae
469 748 578 809 studio
595 747 787 821 retraheret,
812 746 868 807 sed
885 763 923 808 ut
939 769 957 806 s
979 748 1138 809 futilibus
1155 748 1268 833 Logi-

159 861 267 905 corum
283 837 374 899 tricis
390 849 486 917 atque
503 832 708 915 captionibus
722 832 861 911 aliisque
876 830 1110 915 philosophiae
1121 832 1183 893 sui
1195 847 1270 895 tem·

158 924 248 1011 poris
264 922 355 984 vitiis
373 919 413 980 nd
429 921 527 979 vitem
550 932 636 977 recte
660 931 756 998 atque
778 914 914 976 honeste
938 916 1208 995 instituendam,
1236 932 1270 979 nt

159 1014 194 1072 in
220 1005 428 1091 sequentihus
453 1000 597 1077 videbis,
635 1014 777 1062 revocet.
822 998 1103 1081 Quemadmodum
1137 1000 1272 1065 Isocroti

111 1084 115 1097 ’
160 1115 287 1177 opernm
304 1091 414 1151 dantes
425 1086 537 1147 irridet
552 1083 638 1165 apud
651 1083 847 1144 Plutarchum
860 1086 910 1146 M.
926 1084 1019 1164 Cato,
1034 1085 1069 1145 in
1083 1088 1163 1167 ejus
1180 1086 1273 1149 scho-

158 1185 189 1242 le
205 1188 414 1249 senescentes,
439 1170 521 1255 opud
532 1170 658 1255 inferos,
681 1172 709 1228 si
722 1169 788 1228 Diis
796 1168 907 1252 placet,
928 1186 1120 1249 ortensuros,
1144 1194 1185 1255 p.
1200 1178 1271 1241 641.

160 1262 283 1327 Confer
296 1273 401 1319 sutem
416 1256 572 1317 Nostrum
592 1254 649 1315 Bis
665 1253 780 1316 Aecus.
798 1275 825 1315 c.
840 1262 892 1321 21.
915 1252 956 1315 ad
973 1275 1070 1339 quern
1089 1260 1212 1319 locun
1227 1278 1275 1319 es-

160 1346 231 1410 dem
248 1344 333 1405 dicta
349 1354 454 1423 putes.
477 1341 605 1401 Sonus.
1215 1382 1220 1389 .

243 1429 320 1513 Peg·
340 1429 444 1494 110.1.
459 1430 490 1491 9.
514 1422 709 1506 Διατρίβετε)
734 1419 833 1484 Conf.
852 1420 930 1485 infr.
945 1422 1009 1507 Qu.
1023 1424 1118 1491 Hist.
1135 1424 1273 1491 Concor.

179 1561 190 1583 .
225 1514 384 1575 .Sor.su.

160 1540 178 1583 ο
202 1522 324 1662 qlod.
336 1600 358 1655 l.
378 1603 426 1663 13.
440 1588 596 1674 Ἅφικτα)
619 1592 712 1677 Angl.
729 1607 761 1654 et
777 1593 844 1655 Ms.
860 1591 992 1671 ἄφυκτα.
1013 1594 1163 1657 Bounn.
1209 1598 1276 1661 Le-

184 1682 353 1765 eduum.
376 1680 509 1744 Gurrr.
544 1677 685 1759 ’Ἁφυκια
705 1680 740 1741 B.
763 1679 801 1737 tl.
827 1691 859 1738 et
881 1682 932 1743 M.
953 1680 1093 1762 Reliqui
1117 1696 1276 1765 corrupte

162 1794 286 1851 νφικτα.
310 1769 438 1829 Sonsu.
480 1764 616 1845 Proprie
633 1764 717 1822 enim
734 1762 863 1843 ἄφικτος
885 1762 925 1825 de
947 1769 1119 1839 luctante,
1142 1770 1205 1851 qui
1219 1792 1277 1829 os-

153 1847 1025 2003 tunsrtzllutet·sulcarentur
1041 1846 1092 1995 l:
1113 1840 1278 2017 lent

164 2024 304 2087 formula
319 2023 352 2086 dv
366 1960 505 2106 ’doriurqd
518 2016 612 2095 εἶναι,
635 2023 687 2078 vel
700 2022 834 2099 ἔχεσθαι,
856 2032 895 2078 ut
910 2021 1010 2083 Deor.
1025 2019 1136 2085 Diell.
1151 2020 1280 2099 XVII„

141 2164 144 2169 .
166 2117 196 2180 1.
210 2107 250 2170 de
261 2108 370 2168 Mente
391 2107 425 2165 iu
449 2104 588 2163 vinculis
603 2102 741 2162 Vulcani
763 2101 924 2167 haerente.
969 2101 1023 2166 Cf.
1046 2102 1276 2169 Anacherne.

165 2199 220 2265 29.
236 2190 444 2253 Transfertur
460 2188 507 2247 sic
524 2188 564 2247 ad
581 2185 817 2262 disputationes
834 2189 1003 2269 captiosas,
1013 2188 1140 2273 quihus
1155 2189 1277 2255 adrer-

167 2278 269 2341 sariue
290 2272 564 2357 impedimerito,
587 2285 625 2330 ut
642 2292 674 2330 se
689 2271 839 2352 expedire
857 2286 1003 2356 nequeat.
1047 2274 1144 2337 Bene
1164 2275 1278 2359 itaque

165 2362 332 2427 Demere.
351 2356 453 2420 Cond.
470 2378 496 2415 c.
511 2363 540 2423 3.
555 2377 625 2415 cum
640 2352 723 2419 πάνυ
737 2354 844 2440 εὔλογα
859 2357 1082 2441 conjungitur,
1103 2360 1161 2425 scol
1176 2358 1276 2441 doun

166 2474 213 2514 w.
254 2442 345 2506 Eth.
364 2438 569 2519 1.ἐςιἰ’φνκια
592 2440 734 2522 ἐμβαλεῖν
760 2443 880 2523 optime
904 2443 990 2503 cadit
1014 2442 1049 2502 in
1070 2464 1133 2505 eos
1156 2444 1276 2527 philo-

167 2530 307 2613 sophos,
332 2525 388 2607 qui
404 2525 540 2586 versutis
558 2525 800 2607 quaestionibus
821 2543 853 2588 et
867 2526 1215 2610 argumentationibus
1228 2534 1276 2591 sl·

166 2632 217 2681 ter
234 2620 367 2675 alterum
386 2611 559 2692 illaqueare
576 2608 726 2684 student,
750 2608 853 2673 donec
875 2612 1074 2674 adversarius
1095 2634 1133 2676 se
1147 2616 1274 2677 vietum

168 2698 369 2763 confitentur.
414 2696 532 2757 Lectio
549 2699 678 2776 vulgata
700 2696 731 2770 ἐς
749 2690 864 2775 dorne«
888 2720 930 2757 ex
952 2694 1159 2778 imprudenti
1185 2696 1274 2761 vonit

167 2780 346 2867 ἀνέφικτος,
369 2802 450 2863 quae
465 2794 497 2841 et
511 2780 580 2862 ipso
601 2779 719 2861 passim
740 2779 825 2860 spud
845 2796 989 2842 nostrum
1003 2780 1204 2863 scriptorem
1219 2804 1277 2845 oe-

168 2869 286 2940 currit,
311 2881 458 2948 utsupra
481 2886 550 2949 csp.
566 2872 634 2943 67„
667 2866 919 2927 commutatione
943 2881 1012 2927 orta
1033 2886 1105 2928 esse
1127 2866 1274 2931 videtur.

167 2950 286 3019 Lnrrnr.
769 3012 772 3019 ,

252 3038 327 3119 ch-
342 3042 413 3104 111.
430 3038 452 3095 l.
469 3042 498 3102 6.
517 3030 653 3119 Ultori)
672 3030 785 3101 ‘Olario
801 3034 839 3097 de
856 3056 990 3117 corpore
1007 3035 1174 3115 serpentis
1193 3036 1276 3113 dici,

169 3120 308 3185 idoneus
331 3136 442 3181 auctor
464 3118 617 3182 Nicander
632 3130 757 3201 θηριακ.
776 3142 849 3205 pag.
868 3128 938 3187 162.
950 3135 981 3181 et
994 3119 1191 3202 praesertim
1208 3130 1277 3193 166.

166 3204 272 3295 ‘otuu
288 3207 320 3271 dd
333 3203 505 3287 τροχόωσιιν
521 3197 618 3269 dlov'
632 3207 756 3280 εἱλίξατο
772 3232 809 3291 yn
822 3232 853 3293 p.
897 3206 1064 3267 Caeterum
1079 3221 1221 3271 tractum
1234 3220 1278 3271 et-

171 3290 235 3353 ism
254 3290 386 3365 Latini,
412 3303 494 3350 certe
516 3296 650 3371 politae,
675 3288 827 3351 dixerunt
842 3311 907 3351 non
923 3289 1045 3359 minus,
1069 3310 1170 3370 quem
1184 3292 1280 3357 nolu-

168 3401 245 3440 men.
292 3373 483 3437 Germanicus
500 3371 534 3432 in
551 3375 676 3435 Arateis
689 3380 762 3441 424.
786 3374 824 3435 de
849 3374 972 3456 hydro,
1001 3390 1101 3435 tractu
1118 3374 1207 3439 subit
1229 3376 1280 3439 ilio

169 3460 291 3524 leonem.
334 3458 417 3524 Add.
431 3459 545 3519 Nemes.
565 3462 622 3519 ecl.
638 3466 676 3532 4,
694 3468 746 3526 40.
769 3476 846 3522 torto
861 3484 920 3521 non
936 3482 1073 3543 squameo
1087 3475 1198 3523 tractu
1222 3462 1280 3527 Si·-

168 3562 244 3627 μαι
258 3546 377 3606 humum
390 3567 523 3625 serpens3
548 3541 605 3601 ubi
618 3542 807 3606 Burmannus
818 3560 851 3607 et
867 3543 1072 3607 Germanicum
1084 3542 1223 3625 laudat,
1246 3558 1279 3609 ot

174 3628 262 3691 Ouid.
277 3629 361 3692 Met.
379 3634 438 3705 15,
453 3632 525 3697 725.
570 3626 686 3708 Itaque
704 3650 769 3688 non
784 3634 864 3689 male
880 3625 985 3705 ὁλκὸν,
1011 3628 1067 3710 qui
1080 3622 1143 3695 dod
1155 3640 1221 3697 τοῦ
1232 3632 1275 3699 il·

170 3713 311 3788 arturit,
333 3711 699 3791 utsrralrendosractus,
729 3713 776 3775 sio
799 3711 890 3775 reddi
912 3711 1096 3774 arbitrabar.
1139 3714 1278 3781 Deus-

171 3795 283 3859 lumine
294 3818 342 3857 res
359 3811 446 3858 note.
470 3797 573 3860 Gssu.
1269 3814 1272 3819 ·

255 3880 333 3943 Eud.
350 3885 372 3942 l.
387 3890 417 3949 7.
441 3875 585 3965 Ἐκχέας)
619 3881 696 3949 Vid.
716 3903 753 3944 su
779 3904 812 3943 rs
834 3881 949 3945 Piscat.
972 3903 1040 3962 cap.
1055 3888 1107 3949 24.
1139 3882 1273 3949 Sem.

170 3964 337 4029 Praeterea
357 3965 472 4027 adhoc
487 3965 572 4029 verb.
587 3904 817 4030 notebstidem
837 3966 982 4042 Solones,
1004 3968 1105 4049 ἐκχέας
1120 3966 1157 4029 in
1175 3968 1209 4033 J.
1226 3968 1272 4033 E

171 4062 206 4113 et
218 4050 266 4115 Ft
282 4050 357 4135 legi.
402 4049 467 4113 Sed
480 4064 512 4112 et
533 4052 653 4137 legitur
665 4052 699 4113 iu
712 4051 864 4136 reliquis,
895 4050 1123 4116 certeinAld.
1140 4060 1169 4123 1.
1190 4052 1272 4120 etS.
