2634 4680
327 224 932 304 sustinuerunt.
1103 238 1180 319 391

79 401 290 485 significatio,
313 423 385 462 cnm
399 423 417 462 ιι
430 398 543 486 κράτος
557 399 648 462 robur
663 398 837 476 derivetur,
859 412 892 460 et
905 398 952 458 sic
964 397 1040 483 (sit)
1055 408 1180 483 κρατεῖν

10 526 17 547 ι
76 491 209 562 vincere,
241 490 273 547 irs
299 503 442 569 potestate
467 487 580 548 habere.
634 484 689 548 Sic
710 484 842 566 inquam
862 483 970 545 Noster
991 505 1105 565 supra,
1135 483 1177 546 do

10 608 15 641 :
76 571 183 633 Merc-
199 570 292 636 cond.
312 579 341 647 θ.
358 578 407 638 19.
423 572 447 631 f·
469 576 644 655 κρείττονας
657 566 817 649 χρημάτων
830 567 972 630 cruditos
989 583 1096 640 vocat,
1115 594 1176 650 pe-

10 660 13 665 ’
75 660 167 715 cunio
179 659 347 736 superiores.
391 656 542 716 Necnon
558 653 692 736 ssuoyd.
708 654 760 728 11,
779 661 829 723 60.
842 650 1002 735 χρημάτων
1014 656 1174 734 κρείσσων,

71 744 200 820 pecunia
215 743 348 804 inuictus.
392 741 443 800 Ita
464 741 531 801 fere
552 743 697 822 κρείττων
719 737 826 820 λόγος,
851 736 889 815 de
911 758 974 820 quo
989 757 1084 819 supra
1102 738 1176 820 egi-

73 845 157 882 mus.
198 826 239 884 Et
253 825 300 884 sic
315 826 422 886 Noster
437 828 546 905 paullo
568 844 663 902 supra
679 844 725 904 pr.
745 843 813 902 csp.
835 829 886 889 12.
901 818 1049 906 ἐκράτησε
1070 821 1103 886 δὲ
1117 816 1175 888 πῖ.

71 932 158 989 τερος
164 936 173 984 ;
201 910 270 967 Uter
284 934 350 970 vero
366 909 498 970 discessit
513 907 670 992 superior?
698 909 821 967 Rntnz.

157 993 230 1073 Peg.
247 1000 298 1059 21.
314 998 336 1053 l·
353 1001 383 1061 2.
419 998 453 1059 ii
472 991 509 1059 οὔ
528 998 618 1078 διηγῇ
631 1018 683 1074 μοι
705 994 812 1076 ἕταῖρῳ
831 987 912 1067 ὄντι,
937 987 972 1055 ὃν
986 983 1100 1074 τρόπον
1114 984 1173 1077 oio·

70 1073 178 1158 μήθης
190 1075 223 1141 ri
237 1085 358 1153 πρῶτον
370 1086 570 1158 φιλοσοφεῖν,
592 1078 635 1152 αῖς
646 1078 698 1141 καὶ
712 1071 807 1150 osiris
821 1079 848 1138 εἰ
863 1073 1008 1153 δυνατόν,
1031 1076 1173 1141 {mouso-

70 1165 251 1241 θοιποροῖην
261 1157 387 1242 ὑμῖν,τό
403 1160 463 1227 citri
476 1170 534 1227 τοῦ
548 1162 580 1227 δὲ
593 1159 777 1247 οῖρξαῖμενος)
800 1162 1022 1223 Monstrosum
1038 1157 1171 1223 verbum

70 1249 380 1328 ἕπισυνοδοιποροίην
394 1261 613 1328 potueruntne
624 1263 688 1308 tem
703 1245 760 1307 diu
777 1249 914 1307 tolerare
930 1241 1095 1305 editores?
1126 1244 1169 1305 In

66 1348 232 1410 posterum
246 1352 286 1391 ex
296 1332 361 1392 Ms.
378 1331 480 1392 scribe
496 1347 529 1393 ct
547 1330 730 1416 distinguet
756 1325 797 1405 ὥς
810 1331 862 1395 soi
877 1322 978 1406 αὐτοῖς,
998 1333 1027 1393 ελ
1039 1326 1170 1393 δυνατόν

67 1417 127 1492 ἔτι,
156 1419 410 1497 συνοδοιποροίην
427 1410 501 1498 isto
520 1421 705 1481 τοαποτοῦὸε
725 1413 908 1496 οἷρξοῖμενος,
939 1427 976 1473 ut
995 1430 1022 1473 et
1042 1414 1120 1494 ipse,
1141 1415 1170 1475 εἰ

63 1507 154 1571 etiem
169 1525 246 1561 nunc
256 1503 332 1582 fieri
346 1504 455 1583 possit,
478 1501 629 1564 vobiscum
650 1505 706 1562 iter
727 1505 864 1582 copiam,
886 1498 955 1563 inde
969 1500 1087 1559 initium
1097 1496 1169 1581 fu-

64 1587 159 1663 ciens,
183 1581 271 1644 unde
289 1586 415 1647 scilicet
433 1607 490 1646 vos
513 1587 677 1668 coepistis,
700 1586 834 1651 Gnsnv.
878 1582 1015 1646 Insolito
1035 1581 1168 1663 quidem

62 1673 194 1750 vulgata
216 1671 541 1751 ἐπισυνοθοιποροῖην,
571 1684 603 1731 et
624 1692 663 1732 so
687 1672 797 1731 forsan
820 1668 951 1730 nomine
974 1662 1166 1731 damnanda.

64 1751 152 1832 Quia
174 1769 281 1814 tamen
299 1769 374 1834 apta
397 1755 566 1817 videbatur
588 1753 788 1837 significare,
814 1753 902 1834 longo
920 1755 1054 1834 quemvis
1068 1754 1168 1810 inter-

59 1836 143 1897 oollo
165 1841 262 1920 sequi,
293 1852 326 1900 et
349 1840 412 1917 sic,
441 1841 529 1922 quasi
546 1862 608 1899 uno
626 1842 682 1899 iter
698 1838 817 1922 facere,
848 1837 986 1899 retinere
1008 1834 1166 1902 volebam.

59 1920 159 1980 Nunc
174 1936 279 1981 antem
293 1924 481 1983 auctoritati
497 1920 600 1984 codd.
617 1924 697 1987 Met.
716 1923 757 1986 G.
773 1923 832 1983 W.
845 1920 882 1983 P.
899 1932 931 1981 ct
946 1920 990 1982 L.
1007 1917 1106 1995 cedo,
1127 1917 1166 1993 itt

61 2004 179 2085 quibus
199 2004 351 2065 omnibus
365 2007 485 2091 legitur
499 2010 541 2073 ἔτι
558 2011 664 2071 συνοθ.
686 2006 811 2069 Sonsu.

146 2088 224 2151 Eud,
244 2093 263 2148 l·
279 2096 308 2156 6.
340 2095 383 2154 Εἰ
402 2087 459 2174 γὰρ
482 2091 675 2171 ἐθελήσειας,
707 2082 892 2166 ω’Λυκῖνε)
925 2088 1112 2171 Opsopoeus,
1135 2089 1165 2150 si

59 2173 149 2243 morlo
169 2175 241 2233 hoec
259 2199 305 2235 res
318 2176 374 2236 tibi
392 2176 478 2238 cordi
497 2193 577 2240 esset.
619 2175 812 2254 Benedictus,
837 2174 964 2235 simodo
979 2173 1067 2248 velis,
1089 2171 1163 2231 Lu·-

59 2260 153 2319 cione.
197 2259 284 2335 Imo,
307 2265 420 2320 utinam
436 2260 541 2338 uelles,
563 2260 719 2327 Lucisne!
740 2261 821 2320 Nam
838 2274 870 2320 et
884 2262 993 2338 paullo
1010 2273 1094 2333 ante,
1120 2259 1165 2323 Et

59 2339 118 2425 γὰρ
140 2344 255 2426 γένοιτο
274 2348 325 2407 καὶ
346 2341 499 2423 ἀνελθεῖν,
523 2341 550 2410 οῖ
567 2355 692 2413 Λυκῖνε.
717 2345 827 2412 Gnosi.
873 2343 924 2405 cf.
941 2341 981 2402 ad
994 2339 1159 2407 Prometh-

58 2448 84 2489 ε.
102 2427 200 2491 Cone.
215 2450 243 2489 c.
258 2435 311 2499 20,
328 2429 695 2495 t'arr.Lectt.T0m.1.
712 2453 743 2511 p,
762 2438 835 2505 140.
866 2431 981 2490 Lenos.

65 2582 69 2588 ,
140 2512 252 2576 Emi-l·
270 2522 299 2578 7·
325 2520 460 2591 Παῖδας)
483 2515 586 2578 Rudas
607 2532 696 2597 atque
717 2520 875 2598 imperitos.
901 2515 1008 2575 Bnon.
1054 2511 1160 2573 Fami·

55 2596 145 2657 liaris
163 2597 300 2657 Lucieno
322 2614 370 2659 est
390 2601 546 2675 formula,
570 2605 661 2662 παῖδα
682 2598 759 2664 εἶναι
781 2603 812 2663 ἕν
835 2625 893 2661 τινι
913 2601 1018 2679 τέχνῃ,
1041 2595 1081 2659 de
1094 2598 1159 2659 im·-

60 2684 168 2760 perits'o
185 2679 351 2757 cupienda.
396 2684 484 2742 Hinc
499 2698 532 2744 et
545 2678 731 2762 α’ποφαῖνιιν
745 2683 812 2749 τινολ
826 2685 962 2759 παῖδαέν
976 2708 1037 2745 τινι
1049 2681 1088 2743 tle
1105 2703 1157 2760 ee,

56 2765 113 2843 qui
132 2764 324 2845 singularem
340 2767 489 2845 peritiam
508 2768 541 2825 in
556 2767 667 2848 aliquo
683 2769 816 2847 negotio
832 2781 1021 2827 consecutus
1034 2779 1093 2840 est,
1117 2780 1157 2829 ut

54 2847 113 2905 nlii
131 2847 315 2927 quicunque
333 2872 408 2928 prae
425 2851 498 2931 ipso
511 2855 596 2933 pueri
612 2872 678 2913 esse
693 2851 875 2911 videantur.
917 2851 1017 2929 Hipp.
1033 2871 1060 2909 c.
1075 2858 1105 2918 3·
1121 2852 1155 2914 ἐν

53 2924 75 3016 ᾗ
88 2936 196 3004 παῖδας
210 2930 283 3005 τούς
300 2932 358 3015 πρὸ
374 2933 471 2999 αὑτοῦ
494 2933 664 3016 ἀπέφηνεν.
707 2934 859 2997 Pseudol.
876 2955 901 3000 c.
925 2944 954 3002 2·
971 2930 1049 2999 οὗτοι
1068 2928 1107 2997 σή
1120 2958 1155 3017 yt

53 3021 163 3089 παῖὸας
185 3010 347 3096 ιῖπὲφήιάς
365 3021 398 3083 ἕν
419 3015 500 3102 πιῖσρ
521 3023 671 3104 βδελυρίᾳ,
714 3021 769 3081 De
788 3021 890 3083 Most.
916 3021 1039 3097 Peregr.
1055 3039 1084 3081 c.
1100 3024 1153 3085 11.

52 3102 86 3164 ἒν
100 3106 206 3181 βραχεῖ
214 3108 326 3178 παῖδας
337 3098 448 3178 sisois·
462 3101 609 3186 ἀπέφηνε.
654 3106 750 3184 Hunc
765 3103 896 3186 phrasin
911 3109 974 3185 jam
982 3101 1106 3163 Belinus
1118 3116 1153 3165 ct

51 3201 163 3244 nostro
177 3191 251 3244 loco
267 3188 427 3249 insinuari
447 3191 549 3271 cupit,
564 3190 742 3274 corrigens:
765 3195 885 3265 παῖδας,
909 3180 943 3254 εὖ
957 3192 1034 3267 ἴσθι,
1058 3181 1159 3253 οῖπο·,

51 3280 192 3348 φαναῖς
213 3268 356 3346 ἅπαντας.
400 3274 447 3334 Ut
469 3289 574 3335 autem
592 3275 813 3359 intelligatur,
838 3297 898 3358 qus
920 3275 1046 3333 ratione
1061 3267 1151 3358 οῖήσρ

48 3376 90 3413 ex
114 3352 286 3434 ἀποφανεῖς
304 3358 456 3421 exsistere
477 3361 639 3441 potuerit,
663 3359 759 3441 fingit
773 3360 897 3421 Belious
911 3357 1067 3419 Scholion
1083 3362 1149 3435 τοῦ,

48 3433 219 3517 οἷποφανεῐς
232 3443 392 3505 exstitisse
409 3441 522 3524 ποιήσῃ
541 3446 628 3522 (imo
643 3443 801 3524 ποιήσεις)
816 3461 847 3506 et
862 3443 942 3518 hoc,
965 3441 1082 3503 smisso
1096 3462 1148 3502 cs.

47 3525 117 3603 pite
133 3545 209 3601 suo,
233 3525 271 3585 ab
293 3527 495 3608 imprudente
514 3529 646 3589 librario
667 3530 726 3591 sub
742 3530 845 3591 forma
866 3524 956 3613 οἰήσῃ
972 3526 1008 3585 in
1021 3539 1147 3586 textum

46 3607 172 3667 illatum
195 3632 273 3670 esse.
316 3613 360 3669 At
375 3612 423 3671 sic
444 3612 558 3671 mirum
574 3615 723 3694 profecto
740 3613 776 3671 in
800 3611 929 3672 modum
946 3607 1084 3687 accidit,
1106 3623 1147 3673 ut

46 3691 155 3769 sputis
174 3695 298 3755 scilicet
316 3698 416 3759 lectio
433 3694 520 3755 haud
542 3701 659 3757 maium
676 3718 801 3758 sensum
820 3694 1003 3776 praeberet3
1028 3708 1154 3775 quum

45 3795 139 3855 quant
154 3775 188 3835 id
204 3779 440 3859 quodammodo
457 3780 580 3843 Belinus
595 3803 636 3842 ne
659 3795 707 3857 at,
733 3780 892 3844 scribenss
917 3780 978 3856 „11
994 3800 1044 3841 me
1058 3800 1144 3840 sem·

41 3857 97 3917 ble
115 3879 178 3938 que
191 3859 283 3949 οἰήσῃ
296 3884 338 3926 ne
354 3866 509 3928 convient
525 3866 622 3947 point
637 3803 679 3925 iu
694 3880 766 3925 tout
779 3865 833 3925 ici.
879 3866 926 3925 Tu
935 3888 1073 3946 penseros
1087 3887 1144 3947 φιιι

45 3958 113 4003 tous
124 3941 167 4005 les
179 3961 277 4009 autres
292 3974 328 4013 ne
340 3967 408 4013 sont
420 3975 475 4035 que
487 3949 537 4010 des
549 3950 666 4036 enfans.
711 3949 756 4010 Ce
770 3951 853 4011 n’est
865 3950 1026 4009 sfirement
1038 3969 1096 4030 pus
1109 3942 1142 4013 lit

42 4028 76 4087 ln
96 4026 215 4109 pensio
238 4028 279 4093 dc
297 4034 443 4108 Lucien3
478 4056 514 4097 ce
533 4034 617 4095 n’est
639 4032 737 4116 point
756 4055 791 4098 ss
819 4031 922 4097 forne
944 4029 1142 4097 ordinairc.“

10 4284 55 4347 Ll't

10 4348 132 4639 ρ
