2634 4680
430 166 434 202 λ

281 295 330 344 rn
356 292 570 358 seren-en
596 294 676 344 sno
704 295 951 351 nosnrrnn.
1087 271 1161 346 51⁷
1273 264 1274 268 ¹

68 441 208 506 siderent
222 441 338 517 boves,
362 455 395 503 et
409 462 535 501 currum
552 461 670 501 nuum:
692 440 776 502 inter
791 462 867 525 opes
883 442 969 504 enim
983 442 1161 502 rusticanos

66 529 237 615 praecipue
256 540 397 588 recenset
413 525 539 590 Hesiod.
554 523 668 584 bovem
687 539 849 591 aratorem.
873 514 983 588 Coos.

151 611 228 671 End.
247 616 314 678 1.4.
337 606 422 675 Μετ’
442 606 480 675 ού
501 606 601 692 πολύ)
630 609 731 669 Immo
754 623 829 688 post
851 609 974 670 CXXX
993 609 1161 671 minimum

68 717 186 758 annos:
208 708 259 757 tot
271 697 354 756 enim
370 695 456 756 inter
469 693 619 754 Solonem
636 709 668 754 ct
682 707 813 777 pestem,
829 693 867 756 de
883 714 944 779 qne
958 692 1045 773 mors,¹
1061 693 1160 756 inter.

65 793 237 851 cesserunt.
261 780 388 842 Sonen.
494 778 496 783 ’
995 812 997 817 ’

149 854 228 924 Ibid.
263 867 323 928 Καί
345 864 539 945 ἐντέμνουσιν
565 859 648 948 αύτῷ
667 860 755 940 ξένῳ’
772 857 884 950 ἰατρῷ)
921 864 1016 939 Ξίνος
1047 861 1160 944 ἰατρός.
1251 893 1260 906 .

65 950 198 1013 Gornr.
244 948 314 1030 (ita
334 947 367 1005 in
384 962 466 1009 nott.
481 951 550 1026 ejus
563 948 645 1007 Mes.
672 945 814 1008 invenio.
858 947 910 1004 An
931 947 1033 1029 igitur
1053 949 1161 1010 voluit

63 1037 149 1109 ξένος
162 1054 277 1093 nornen
294 1031 357 1091 viri
373 1029 513 1093 faceret·
526 1031 586 1092 Sed
603 1029 677 1112 quin
699 1028 835 1099 honoris
852 1029 966 1090 titulus
976 1075 986 1106 ,
1016 1045 1049 1091 et
1068 1031 1159 1112 quasi
1229 1044 1233 1054 “

62 1116 215 1178 Numinis
234 1130 299 1185 est,
324 1115 398 1176 ideo
411 1114 523 1195 majori
539 1115 631 1177 litera
646 1112 815 1176 distinxitr
839 1114 927 1198 quod
941 1115 1015 1196 quin
1030 1115 1161 1179 Solorius

63 1221 194 1284 quoque
211 1198 332 1270 voluit,
358 1198 454 1260 facile
470 1197 663 1259 admisimus.
686 1198 832 1276 Rernz.)
874 1200 963 1261 Male
982 1199 1165 1277 interpresr,

61 1287 102 1346 Et
116 1287 190 1367 ipsi,
213 1306 392 1368 quemqnam
404 1287 556 1366 peregrino
567 1283 707 1359 Medico,
730 1282 922 1344 Athenienses
933 1283 1044 1364 doctius
1055 1285 1160 1344 immo·

63 1370 141 1431 dant.
181 1366 393 1447 ’Βντίμνονσιν
409 1365 491 1453 αύτῷ
501 1368 578 1452 §inni
592 1371 702 1449 ἰατρῷ,
726 1365 790 1426 hoc
807 1382 874 1445 est,
895 1370 954 1448 ipsi
968 1367 1081 1433 tontes
1095 1368 1160 1438 im,-

61 1453 192 1530 molont‚
220 1453 273 1513 end
290 1455 407 1513 nomine
424 1455 570 1534 peregrini
589 1450 716 1514 Medici.
740 1451 884 1512 Menso-
925 1452 1103 1511 Μυούσιοι
1120 1448 1158 1511 in

59 1560 159 1621 marg.
178 1536 227 1596 ed.
247 1536 351 1597 Graec.
368 1540 441 1596 clar.
456 1536 621 1597 Hemsterd.
640 1534 822 1596 adeundum
834 1533 943 1596 Duker.
963 1533 1003 1594 ad
1021 1531 1157 1618 Τίιτισγιί.

59 1623 101 1684 V.
116 1643 148 1701 p.
158 1624 230 1688 825.
246 1642 278 1681 n.
295 1627 346 1689 84.
364 1620 420 1680 nbi
433 1620 462 1680 is
475 1616 554 1681 hcec
570 1619 702 1695 Lucinrn'
715 1619 810 1680 verba
825 1619 939 1681 adfert.
983 1617 1088 1680 Verbn
1103 1639 1159 1677 an·

60 1720 124 1767 tem
143 1702 630 1786 Thucyd.c.12.hisconsone,
654 1703 836 1765 haecsuntr'
868 1699 1157 1785 άςῆριοϊδίέντί-
1236 1702 1245 1721 “

60 1810 181 1871 μνουσι.
228 1789 340 1872 Spernit.
358 1786 482 1849 dissert.
505 1788 565 1848 IX.
585 1786 750 1867 deprecet.
767 1800 858 1857 etus,
877 1788 973 1848 Num.
991 1807 1064 1869 png.
1079 1791 1155 1856 565.

59 1874 207 1934 landatur
225 1873 302 1932 ibid.
325 1873 467 1949 lieren„
492 1871 672 1953 Loquitur,
697 1887 734 1931 ut
749 1869 787 1932 de
801 1870 931 1932 Brasida
954 1870 1086 1953 Τίιιιογιί.
1106 1871 1155 1948 V,

62 1966 112 2024 11.
138 1963 178 2021 Οἱ
187 1950 398 2038 Ἀμφιπολῖται
415 1957 617 2038 περιὲρξαντες
631 1951 729 2020 odensi
745 1952 779 2020 τά
793 1956 954 2038 μνημὲῖον,
977 1951 1018 2029 ὧς
1029 1952 1155 2037 donive

61 2044 250 2122 ἐντέμνουσι,
272 2042 325 2104 καὶ
344 2037 430 2122 τιμάς
452 2037 636 2117 δεδώκασιν,
657 2034 778 2123 άγοῑνας
798 2043 849 2104 καὶ
873 2042 1010 2120 ἐτησίους
1027 2042 1150 2114 θυσίας.

58 2127 178 2187 Heroas
196 2127 388 2186 Graecorum
408 2147 478 2185 cnm
493 2126 579 2189 Dinis
595 2145 618 2183 s.
632 2127 809 2187 consecratis
831 2127 1049 2184 Romanorum
1074 2145 1153 2184 con·

57 2210 208 2270 ferendos
229 2231 313 2286 esse,
351 2208 447 2269 etiem
468 2208 663 2291 Spondesnine
692 2208 805 2269 docuit
832 2208 871 2269 de
896 2230 956 2269 usu
980 2221 1012 2268 et
1032 2221 1150 2289 praest.

55 2316 143 2355 num.
158 2293 232 2357 diss.
246 2301 275 2360 9.
295 2316 325 2376 p.
340 2301 412 2361 329.
434 2288 630 2376 Ἐντὲμνουσι
648 2292 777 2354 verbnm
798 2292 1028 2372 interpretatur
1047 2291 1152 2353 Scho-

55 2379 165 2438 linstes
177 2383 387 2463 Ιἐναγίζουσιν,
414 2379 594 2462 ἐναγίσματα
605 2379 827 2463 προςφίρουσι,
848 2375 993 2442 θύουσιν.
1036 2372 1153 2460 Ἐυαγίᾱ

56 2469 115 2538 ζειν
132 2463 227 2524 etiam
248 2461 286 2524 de
305 2461 488 2539 sacrificiis,
513 2484 593 2542 quae
613 2462 794 2538 Heroibus‚
825 2483 892 2522 non
914 2460 1150 2523 immortalibus

52 2549 148 2623 Diis,
174 2547 368 2624 offeruntur,
391 2538 695 2620 Herodotus11,44.
718 2546 820 2606 Gesn.
884 2585 893 2597 2
1179 2557 1182 2563 ’

138 2631 216 2691 Eat.
233 2634 253 2689 l.
267 2637 297 2696 5.
323 2632 404 2710 Ξένῳ
416 2628 543 2717 Ἰατρῷ)
569 2630 809 2707 AG.1V‚=883.
834 2630 977 2690 Somne

136 2714 214 2775 Ead-
230 2717 251 2772 l·
268 2720 296 2780 9·
324 2711 463 2788 Σκύθαις
482 2750 526 2763 --
546 2710 800 2794 άπαθανατίζειν)
830 2713 926 2774 conf.
942 2715 1147 2782 infrt·Cono.

53 2802 155 2862 Deor.
174 2821 199 2857 c.
213 2804 243 2863 9.
270 2804 438 2880 Τοιγαροῦν
452 2801 483 2862 σί
493 2795 616 2862 Σκύθαι
635 2799 685 2861 καί
700 2801 732 2862 οί
752 2798 840 2861 Γέται
859 2831 904 2847 -
924 2794 1012 2863 αύιοί
1026 2795 1149 2864 eineder-¹

31 2886 223 2962 Δνατίζουσι,
247 2879 649 2964 καίθεούςχειροτονούσιν.
674 2883 802 2945 Sonent
1094 2896 1097 2902 '
1194 2902 1206 2959 ·,

138 2966 216 3026 Ibid.
241 2968 300 3030 Καί
316 2968 442 3046 πέμπειν
458 2963 593 3047 περὶτάν
616 2961 784 3050 Ζάμολξιν)
812 2965 940 3025 Morem
962 2963 1050 3024 hunc
1070 2965 1149 3026 mit-⁴
1249 2981 1255 3003 ¹

53 3051 143 3112 tendi
159 3050 197 3110 ed
217 3050 389 3111 Zamolxin
409 3050 520 3111 scribit
542 3049 656 3115 Herod.
678 3050 713 3109 in
730 3055 766 3116 ’4.
781 3047 880 3111 Strnb.
905 3049 940 3108 in
955 3058 986 3117 7.
1005 3048 1090 3114 Snid.
1109 3048 1147 3112 in
1217 3102 1220 3108 .

54 3135 199 3196 dictione
216 3131 372 3215 Ζάμολξις.
395 3133 504 3196 Goon·
549 3137 611 3202 Καὶ
625 3135 752 3216 steens
769 3129 812 3210 οἷς
830 3129 902 3210 τούς
923 3136 991 3211 περὶ
1009 3132 1065 3198 τάν
1086 3132 1148 3199 Zd-

54 3225 165 3299 μολξιν.
192 3222 353 3280 Menon..
396 3221 532 3303 Πίμπιιν
553 3221 625 3302 ιἰιρί
640 3218 706 3285 -τάν
734 3216 895 3302 Ζάμολξιν.
937 3220 1025 3279 Dico
1054 3217 1146 3281 alibi.
1241 3260 1243 3265 «

52 3307 188 3366 Bonnn.
235 3302 325 3386 Παρά
344 3304 393 3364 Μ.
415 3304 456 3371 1..
481 3318 513 3366 et
534 3303 615 3371 Edd.
631 3305 679 3370 to.
697 3304 728 3366 S.
743 3319 776 3366 et
789 3305 891 3367 Amst.
913 3317 1015 3373 secter
1044 3315 1077 3362 et
1097 3302 1148 3363 sic

51 3389 224 3450 Herodotus
239 3388 324 3470 ipse,
347 3388 403 3475 qui
418 3388 505 3449 hunc
520 3410 638 3450 morem
661 3386 814 3452 describit
826 3388 859 3448 in
882 3386 939 3448 lv.
962 3409 993 3468 p.
1014 3391 1093 3461 159,
1112 3393 1144 3453 2·

51 3474 90 3532 In
110 3473 244 3556 reliquis
265 3471 347 3532 Edd.
369 3473 504 3553 pessime
519 3473 645 3558 'legitur
666 3475 745 3554 περί
788 3474 843 3534 De
863 3468 1053 3532 Zamolxide
1075 3467 1143 3533 vid.

51 3558 174 3640 Menag.
190 3554 230 3617 nd
243 3559 333 3638 Βίας.
352 3557 455 3617 Lairt.
470 3577 501 3639 p.
515 3562 586 3627 205.
609 3560 736 3621 socru.
779 3557 865 3618 Puto
886 3576 947 3640 ego
962 3564 1067 3616 toturn
1079 3553 1148 3621 hoo

51 3656 187 3700 sumtum
201 3641 240 3701 ab
255 3640 401 3703 Herodot.
415 3641 478 3717 lv,
495 3648 545 3709 94.
560 3657 656 3727 etque
672 3642 716 3702 ita
730 3638 916 3724 legendum,
940 3636 1142 3716 άθαναιίζειύ,

49 3728 101 3787 ναὶ
116 3727 241 3806 πέμπειν
255 3721 337 3803 παρά
353 3722 405 3789 τὸν
426 3723 582 3807 Ζάμολξιν.
626 3725 857 3789 Nominaverat
874 3726 965 3798 Γέτας
981 3720 1053 3798 τούς
1065 3718 1148 3789 does

49 3812 230 3885 νατίζοντας.
274 3813 358 3869 Turn
372 3810 483 3890 prucis
496 3808 694 3892 interje'ctie,'
702 3840 705 3849 ·
716 3805 933 3885 άθανατίζουσι
943 3808 976 3874 di
987 3806 1075 3874 re'nde
1087 3805 1143 3874 ιύυ

50 3891 175 3970 τρόπον·
198 3891 267 3959 οὔτε
279 3891 490 3973 άποθνήσκειν
503 3893 631 3972 ἑαυτούς
641 3897 808 3976 νομίζουσι,
832 3896 910 3961 ἰέναι
928 3919 959 3959 τι
979 3895 1033 3958 τὸν
1047 3886 1143 3960 dest·

48 3975 179 4056 λύμενον
190 3975 273 4056 παρά
286 3974 506 4058 τάνΖάμολξιν
518 3981 657 4059 δαίμονα.
675 4016 678 4020 -
701 3976 833 4040 Deinde
848 3993 969 4058 narret,
992 3998 1085 4061 quoni
1096 3976 1143 4036 ri.

49 4059 157 4122 dicnla
174 4060 362 4126 crudelitate
375 4058 512 4147 singulis
529 4063 761 4148 quinquenniis
778 4062 955 4146 interjectis
973 4072 1059 4125 sorte
1075 4060 1146 4124 stt*
