2634 4680
170 330 175 351 .
298 308 363 373 in
416 280 935 355 mennonium*
1070 280 1144 357 511
1254 344 1257 349 .

57 458 184 520 Lucina.
200 448 318 519 Οὗτωσλ
330 452 384 534 μὲν
397 452 492 516 εἰπεῖν
506 463 538 510 et
552 445 592 523 ὧς
604 449 638 514 tl
649 442 763 529 ἇληθεῖ
770 445 859 535 λόγῳ.
875 450 916 513 L'.
929 450 1008 512 Bos.
1049 452 1150 514 Huno

57 543 189 601 Lucioni
205 543 310 601 locum
323 535 433 597 laudat
447 535 542 596 etiam
558 533 671 594 Duker:
682 534 723 594 ad
735 533 868 616 Ibucyrl.
889 535 983 597 VIII.
1001 557 1029 598 o.
1046 542 1098 604 92.
1117 550 1151 598 et

59 648 99 685 ex
116 625 187 683 aliis
213 619 379 706 Thucydid.
392 619 482 679 locis>
495 638 626 701 quoqne
640 617 753 695 docet,
774 614 809 682 τὰ
831 614 944 700 ἀληθὲς
957 633 990 679 et
1001 616 1057 701 τὴν
1074 615 1152 703 aiiii-¹

56 719 146 772 θειαν
160 728 253 788 saepe
266 705 389 787 opponi
405 702 622 774 simulationi,
643 699 798 786 προφάσει
816 736 860 750 -
881 716 914 764 et
923 701 1017 790 λόγῳ,
1041 719 1078 765 ut
1090 706 1150 781 v1‚·

59 803 111 861 33.
130 805 163 853 et
184 793 237 867 ΙΙ,
254 798 305 857 41.
328 786 422 847 Addo
446 786 570 850 Isocrot.
589 784 717 849 NIcocl.
734 807 768 868 p.
784 793 837 853 76.
865 784 927 851 Τοῦ
948 790 1092 869 βασιλέως
1110 796 1154 875 τῷ

58 880 112 960 μὲν
131 873 209 961 λόγῳ
227 873 444 955 διηλλαγμένον
451 916 461 947 ,
490 878 528 955 τῇ
545 867 575 935 ‹l'
590 864 718 956 ἀληθείᾳ
737 873 865 955 τραχέως
883 870 1011 954 ἔχονκος.
1054 877 1152 937 Plura

57 960 123 1022 vid.
148 981 198 1039 ap.
213 958 278 1023 Joo.
294 958 406 1020 Elsner.
425 956 464 1014 ad
484 955 545 1036 Ep.
561 953 601 1016 atl
619 955 741 1016 Colone.
756 959 1048 1031 c.2,28..Rn1nz.
1092 959 1153 1021 Se-

57 1046 190 1126 quentia
204 1045 319 1103 mirum
335 1043 369 1099 in
388 1037 518 1099 modum
533 1053 721 1145 exassgereta
742 1043 894 1125 leguntur
907 1039 942 1099 in
964 1041 1044 1105 cod.
1057 1047 1153 1111 2954.

58 1128 157 1210 ὥςπερ
174 1123 213 1192 iv
229 1130 256 1191 ti
268 1121 338 1200 τούς
354 1119 562 1205 ἁπανταχόθεν
583 1123 770 1203 ανθρώπσνς
791 1125 975 1206 συγκαλέσας
993 1127 1025 1200 ἒς
1044 1126 1152 1192 κσλνόκ

56 1218 189 1294 θέατρον
204 1207 458 1289 ἔπιδεικνσύοιμεν
471 1204 543 1282 τούς
553 1205 671 1293 λόγους.
708 1208 800 1292 Quae
815 1210 878 1269 etei
892 1211 953 1272 vix
966 1208 1073 1270 eredas
1086 1212 1154 1271 oni·

58 1319 150 1381 quam
168 1301 292 1379 placere
308 1293 472 1377 potuisset
494 1291 598 1371 (adeo
614 1291 733 1377 frigida
747 1306 809 1371 eit,
839 1313 877 1354 ao
898 1315 1001 1376 paene
1026 1293 1153 1376 inepta,

58 1380 238 1453 sententia3
262 1378 343 1440 adeo
367 1376 545 1459 inaequalia
566 1392 600 1438 et
620 1376 852 1439 inconveniens
869 1378 990 1455 oratio,
1015 1382 1155 1463 συγκαλέ-

60 1489 129 1540 σας,
163 1478 317 1545 sequente
338 1461 445 1523 Verbo
469 1460 604 1541 plurali;
646 1460 726 1522 adeo
755 1467 920 1545 neglectus
951 1462 1047 1543 etiam
1078 1484 1154 1524 naut

59 1549 150 1612 verbi
174 1551 403 1613 ἐπιδείκνυσθαι
423 1544 589 1625 solennis)
613 1549 804 1627 placuerunt
824 1560 929 1608 ta'men
951 1546 1074 1626 Belino,
1096 1549 1154 1630 qui

59 1639 191 1715 vulgata
205 1632 300 1694 verba
313 1651 424 1692 mance
440 1644 472 1690 et
489 1629 635 1689 mutilata
651 1630 697 1689 sio
718 1628 845 1691 demum
861 1631 984 1714 optime
996 1635 1155 1714 completa

60 1717 236 1800 judiearet,
258 1730 290 1776 et
304 1715 430 1777 eeneori
443 1711 610 1773 Editionie
631 1713 1036 1781 SchmiedeiiauoeJenenei.
1079 1716 1155 1793 Etsi
1280 1776 1284 1785 ,

59 1816 165 1862 antem
179 1800 364 1881 plenissima
376 1818 435 1879 ego
452 1796 532 1857 haeo
546 1797 641 1858 verba
658 1797 780 1874 habeo,
804 1799 838 1858 io
853 1799 953 1861 verbo
969 1813 1074 1860 tamen
1091 1802 1154 1865 ze..

60 1883 235 1966 δεικνύμνην,
258 1885 307 1945 uti
324 1885 390 1945 fere
411 1885 573 1963 vulgatur,
594 1881 753 1944 offendere
772 1903 825 1943 me
844 1884 961 1946 fateor.
1004 1884 1156 1945 Retineri

61 1970 191 2052 quidem
207 1971 278 2029 vult
294 1968 429 2029 Βαναίαν
441 1967 475 2024 in
493 1965 629 2030 Gramm.
648 1966 704 2028 Gr.
717 1987 749 2047 p·
769 1974 839 2034 181.
857 1981 1009 2051 tanquam
1025 1968 1155 2050 Optati.
1228 2012 1232 2023 .

59 2055 94 2112 vi
111 2056 260 2128 formam,
292 2057 384 2133 cujus
401 2067 467 2110 rara
482 2048 568 2128 apud
586 2063 706 2112 vetere·
725 2063 894 2111 occurrant
907 2051 1063 2135 vestigia:
1086 2051 1153 2116 vid.

60 2138 212 2200 Matthiae
227 2136 364 2196 Grnmm.
375 2136 430 2195 Gr.
448 2137 472 2216 ᾗ.
486 2139 560 2200 204.
573 2143 604 2202 3.
620 2157 652 2217 p.
664 2138 737 2203 265.
751 2150 783 2196 et
796 2156 890 2218 quem
909 2136 996 2216 citet,
1021 2134 1157 2199 Clorkiun

61 2221 102 2282 ad
115 2222 238 2281 Homer.
255 2220 372 2300 Odyse.
386 2215 433 2296 ς’,
447 2225 517 2286 237.
549 2220 604 2278 ·At
615 2219 773 2280 rarissima
785 2233 888 2280 tamen
900 2234 991 2296 sunt,
1015 2241 1074 2281 neo
1090 2242 1157 2281 om.

60 2307 114 2366 nia
132 2320 221 2366 extra
242 2326 366 2366 omnem
385 2302 620 2364 dubitationem
637 2304 754 2383 posita.
796 2305 914 2385 Longe
928 2303 1107 2386 simplicior
1119 2327 1157 2365 ac

61 2392 169 2452 verior
188 2389 269 2449 mihi
289 2388 419 2471 quidem
441 2386 612 2448 videbatur
632 2389 672 2450 B.
695 2397 726 2457 3.
746 2388 845 2449 lecti0
869 2384 1101 2471 ἑπεᾶεικνῦμην.
1130 2393 1158 2450 ei

61 2475 256 2554 ostenderem,
278 2489 315 2533 ut
336 2473 430 2534 etiam
454 2470 595 2533 Gesnous
616 2472 730 2533 vertit:
753 2476 833 2533 male
855 2472 1041 2556 Obnopoean:
1061 2477 1089 2534 ni
1103 2498 1158 2535 ot*

62 2560 224 2624 tendit-sem.
268 2557 376 2640 Quare
404 2556 501 2616 facile
520 2576 589 2615 eam
614 2555 739 2619 admisi.
785 2559 957 2638 vulgatam
983 2579 1026 2619 ex
1050 2578 1157 2620 erroro

62 2641 225 2702 scribendi
238 2639 412 2722 aliqnando
431 2653 532 2699 ortam
543 2638 644 2699 fuisse
660 2638 765 2701 credo.
788 2640 908 2700 Lean.

146 2725 225 2786 Eat.
242 2730 264 2785 l.
279 2734 308 2792 8·
328 2721 547 2804 Ἀναῤῥλψομεν
560 2719 614 2786 τὸν
625 2718 742 2802 κύβον)
764 2722 840 2786 Vid.
856 2724 1071 2809 Paroemiogr.
1083 2754 1087 2761 ·
1101 2724 1157 2787 sie

63 2830 97 2891 p·
113 2816 185 2875 604.
205 2809 249 2889 (i.
265 2830 292 2870 e.
308 2828 366 2888 pro
381 2808 499 2887 Imagg.
518 2828 546 2868 α.
564 2804 638 2888 16.)
659 2806 793 2868 Bonnn.
1118 2816 1145 2843 '·

145 2892 224 2953 Ean.
238 2897 259 2953 l.
277 2900 327 2958 11.
355 2887 415 2972 Ὶλὶν
429 2887 554 2972 λευκὴν)
576 2892 629 2951 De
641 2889 692 2949 hie
705 2890 1001 2954 calculis-resnou.
1022 2893 1156 2958 Bonnn'.

65 2979 117 3039 cf.
134 2979 266 3038 omnino
281 2977 363 3037 Piso.
378 2996 405 3034 σ.
420 2982 471 3039 et.
485 2990 566 3036 extr.
583 2974 696 3054 ibique
712 2973 890 3039 observata.
913 2978 1031 3038 Leuni.
1122 2982 1149 3015 ⁵·

150 3061 227 3126 End.
245 3066 266 3121 l.
287 3070 334 3128 14.
357 3053 440 3123 Αὐτὸ
454 3061 604 3140 θαρᾆεῖν)
632 3058 708 3119 Non
725 3059 821 3121 facile
835 3074 916 3142 puto
932 3083 972 3123 ex
986 3060 1038 3122 hia
1051 3060 1156 3121 verbio

64 3144 208 3233 (κᾷκεῖνο
223 3147 254 3209 δὲ
270 3151 308 3227 νὴ
326 3149 386 3208 Δία
401 3145 520 3227 προςέκι
536 3146 587 3208 καὶ
603 3140 691 3229 αὐτῷ
705 3147 835 3226 θαῤῥεῖν
849 3154 948 3219 ποιεῖ,
970 3145 1005 3211 τὸ
1019 3143 1059 3229 μὴ
1075 3168 1158 3219 παν;-

63 3231 193 3297 timeum
210 3225 364 3310 ἀλλότριον
376 3225 455 3307 taioni
468 3227 546 3293 εἷναί
565 3228 633 3309 σοι)
655 3229 849 3289 concinnum
872 3232 942 3293 erui
964 3251 1059 3312 posse
1081 3230 1158 3289 een.

65 3338 145 3382 num,
179 3314 371 3377 sedvideor
382 3312 464 3373 mibi
479 3314 676 3374 verissimam
691 3311 859 3374 adsecutus
874 3316 1075 3396 scripturam,
1098 3308 1156 3373 nbi

65 3400 206 3484 legerim,
219 3395 343 3486 κᾷνεῖνσ
355 3399 387 3464 δὲ
400 3396 440 3480 νὴ
455 3403 516 3461 Δία
528 3399 647 3480 nuncin
660 3399 710 3462 καλ
724 3391 796 3462 niel
810 3402 936 3479 θαρῤεἴν
950 3407 1047 3474 ποιεῖ,
1070 3395 1104 3462 vti
1116 3395 1159 3478 μὴ

63 3483 257 3549 παντάπασιν
268 3480 407 3569 ἀλλότρια
420 3478 499 3563 uini
512 3481 590 3548 εἷναί
600 3503 658 3548 σοι.
701 3483 842 3543 Dixerat
858 3484 1031 3558 Lucienus,
1054 3483 1158 3541 virum

64 3571 156 3629 illum
180 3569 379 3651 principem,
416 3568 469 3627 oui
490 3568 549 3627 uni
568 3586 602 3629 te
651 3567 761 3628 robore
789 3567 963 3650 gestiebat,
1002 3570 1159 3649 quemqnb

63 3674 165 3713 nuum
178 3653 242 3714 eibi
255 3655 355 3714 iuntar
370 3652 513 3713 omnium
532 3652 604 3713 iore
618 3590 763 3726 ‹IIxeran
787 3660 909 3732 temper
923 3650 1030 3710 ilbnm
1045 3664 1077 3711 et
1090 3661 1159 3710 ser-

64 3751 314 3801 vantemmum
328 3739 412 3798 ferre
434 3740 607 3811 calculum,
631 3750 731 3817 atque
743 3732 823 3796 adeo
838 3756 871 3795 ee
884 3743 1016 3821 magno,
1050 3733 1106 3815 qui
1124 3754 1158 3795 ee

60 3817 324 3905 mnannin
339 3820 471 3904 negotio
489 3820 572 3880 tanti
589 3818 742 3880 momenti
765 3832 914 3900 suscepto
932 3832 1093 3902 gravaret,
1117 3818 1159 3892 ti»

20 3940 23 3947 ·
57 3904 301 4010 ᾞΜισῦκ
316 3906 379 3969 Sed
385 3906 539 3992 profecto,
562 3900 684 3989 ¹porgit,
705 3901 785 3963 iilud
798 3927 913 3987 quoqne
923 3906 1017 3985 ipnum
1030 3927 1075 3963 me
1087 3890 1158 3962 omi-

10 3956 27 4074 lI
142 4054 145 4069 2
182 4057 185 4063 .
326 3989 737 4075 quodum-mmmoneumo
752 3986 1044 4069 {emortus-alienae.
1062 3987 1156 4050 June.

86 3986 463 4257 ᾜΜΜ
473 4072 728 4149 venditionem
746 4070 913 4137 firmat-1..
928 4070 1060 4135 Codicis
1079 4088 1158 4131 ano·

228 4236 268 4370 ff.
