2634 4680
156 292 238 369 452
424 293 995 353 snuonsrsonns

160 458 250 547 quod
274 454 332 517 «lili
357 465 448 514 enter
473 443 658 509 observavit
679 443 820 525 scriptor
842 455 968 521 noster,
1001 442 1097 525 plane
1130 441 1271 529 ignoret.

161 548 215 611 Cf,
227 548 323 621 nespsi'
335 532 502 618 αίηθεῦειν
517 552 612 611 supra
630 552 657 593 ο.
671 536 724 598 36.
748 529 869 591 Lunae.

247 622 328 689 thid.
352 618 419 687 Σδν
432 625 515 705 θεῷ)
537 614 643 677 Verba
655 612 736 676 haec
751 611 809 677 σδν
823 620 890 699 θεῷ
903 610 961 698 γὰρ
978 610 1073 679 οἶσθα
1088 620 1178 690 νεῖν,
1206 614 1276 677 οδ«

162 736 284 799 sopoeus
298 703 497 782 reddiderat,
509 724 612 803 'neque
624 700 701 801 enirn
713 698 789 759 milti
806 698 929 759 flubium
940 714 998 777 est,
1018 700 1132 781 peritia
1148 698 1275 761 notentli

163 790 558 946 s.ttz:.⁶;².²sz·..l'¹s:2:
576 783 1055 952 tetenstete
1069 798 1276 951 nese
1314 837 1317 948 ι

166 971 253 1034 plut,
272 967 342 1030 114.
369 960 413 1017 Et
428 956 599 1029 Καειτηιια,
618 950 702 1012 idem
719 973 760 1012 ex
773 952 876 1035 Eur-ip.
893 951 1125 1013 adstruentem.
1151 955 1276 1014 Ratun.
1316 955 1317 1004 ἒ

251 1046 498 1129 Pag.91.1.1t·
518 1035 561 1102 ‘0
581 1037 734 1113 δὲτιένιε)
755 1035 1211 1102 M.etFl.Ed.haecverbn
1229 1036 1279 1099 hs-
1316 1053 1317 1110 j

166 1137 260 1211 bunt,
285 1150 367 1214 quae
380 1130 415 1187 iu
432 1122 565 1209 reliquis
577 1141 644 1181 non
660 1122 876 1203 reperiuntur.
898 1120 1029 1184 Sum.

183 1244 188 1253 ·
253 1218 330 1297 Peg.
347 1220 400 1282 98.
422 1216 445 1273 l.
461 1218 511 1277 10.
536 1203 682 1286 Ἰδιιίτην
700 1201 767 1270 τινὰ
788 1207 877 1289 βίον)
900 1205 979 1266 Jens.
1005 1202 1096 1267 aliutl
1119 1227 1229 1291 agens
1249 1206 1280 1267 in

168 1308 277 1367 Lectt.
289 1302 373 1359 Luc.
389 1319 422 1378 p.
440 1302 491 1361 90.
507 1294 627 1353 fatetur
642 1288 788 1371 quidem
812 1289 1005 1352 Benedictum
1019 1311 1086 1351 uon
1103 1296 1213 1373 plene
1226 1292 1281 1352 ab·

170 1407 306 1458 errasse,
329 1383 386 1466 qui
407 1383 557 1463 privatam
577 1377 671 1436 vitam
689 1375 837 1453 verterit3
861 1390 967 1435 tamen
981 1396 1046 1435 non
1073 1375 1282 1439 intellexisse

169 1494 276 1537 veram
291 1468 367 1542 vim,
389 1486 461 1525 cum
478 1458 640 1545 significet
656 1459 753 1519 vitam
770 1459 880 1536 rudem,
902 1457 1065 1537 indoctum,
1091 1460 1280 1545 impolitorn,

170 1555 331 1621 incultam:
354 1551 482 1629 elinque
497 1548 642 1625 exempla
664 1542 786 1620 adfert,
807 1543 864 1604 nbi
882 1540 1003 1625 ίδιοίτης
1017 1560 1216 1625 exponatur
1229 1566 1283 1629 per

170 1642 313 1725 ἄμουσος.
335 1636 380 1696 Et
396 1630 633 1714 adpositioncm
653 1628 740 1688 illum
756 1626 891 1689 duorum
905 1628 1193 1693 substantivorum
1208 1636 1283 1713 plu·

172 1728 262 1790 ribus
277 1728 435 1793 illustret,
460 1731 496 1777 ut
507 1711 688 1798 στρατιώτης
702 1716 785 1797 βίος,
807 1716 893 1797 τέχνη
909 1710 1066 1799 βάναυσος
1079 1726 1150 1777 eto.
1197 1716 1283 1779 Con·

173 1812 224 1873 ier
238 1810 324 1871 infra
339 1826 407 1887 cap.
422 1810 473 1871 81.
503 1802 628 1860 Rnrnz.

219 1900 222 1905 '
258 1892 336 1957 Eosi.
350 1896 371 1955 l.
388 1896 437 1955 11.
465 1892 528 1951 Τοῦ
542 1891 725 1964 φιλοσοφεῖν
744 1880 869 1967 ΛΤΚ.)
891 1885 1052 1969 Expunge
1065 1890 1178 1950 ΛΤΚ.
1194 1882 1282 1971 qnotl

174 1978 306 2067 quidem
325 1988 400 2059 poet
424 1969 618 2033 verbaliter>
641 1972 696 2033 είτε
716 1972 768 2033 καί
791 1967 832 2053 μὴ
856 1966 1120 2030 substituendum
1147 1984 1201 2031 est
1222 1968 1284 2031 hot

173 2078 288 2150 pacto:
319 2064 377 2127 sice
394 2060 446 2122 καί
468 2052 522 2138 μή.
551 2060 652 2119 ΛΥΚ.
681 2055 789 2116 Bnon.
840 2052 989 2116 Deleuda
1012 2067 1091 2116 uota
1119 2074 1283 2137 personae

173 2157 277 2219 ΛΤΚ.
310 2147 428 2207 Mane.
964 2163 971 2175 ·
1247 2194 1251 2207 .

261 2230 341 2294 ibici.
369 2235 462 2292 Τοῦτο
476 2224 634 2306 ξυμβαίνει
650 2247 683 2307 γε
699 2224 728 2298 ἒξ
751 2212 794 2290 civ
809 2220 872 2312 φῂς
887 2216 1041 2289 ieiunos
1054 2220 1135 2289 sivest
1152 2230 1283 2307 pelato·

174 2322 297 2405 φῆσαι)
322 2312 519 2393 Obsopoeus,·
535 2307 616 2369 illust
639 2307 756 2392 quidem
782 2308 907 2385 accidit,
951 2306 1126 2387 antidicus,
1146 2308 1281 2393 philon·

173 2407 264 2493 plsari
280 2412 429 2483 promtum
447 2418 506 2455 non
525 2416 594 2453 esse.
637 2392 893 2465 estimatione,
915 2334 995 2454 illuct
1017 2392 1141 2479 quidem
1156 2394 1281 2469 occidit,

174 2488 257 2578 qssoti
275 2484 366 2556 dicis,
388 2503 448 2541 non
467 2502 526 2539 esse
541 2493 689 2560 promtum
707 2478 911 2562 philosophiae
925 2478 1107 2557 incumbere,
1131 2476 1169 2540 et
1183 2478 1281 2563 hujus

174 2584 291 2638 nasuta
313 2563 564 2627 commutatione
591 2582 727 2639 vocum,
762 2578 796 2625 et
815 2563 984 2645 utriusque
1007 2564 1282 2643 interpretatione

175 2680 244 2722 non
260 2652 338 2715 satis
360 2649 467 2710 valide
483 2646 572 2708 vocis
590 2642 751 2713 ἆδῦυαιον.
796 2648 947 2731 intellige
970 2668 1041 2708 cum
1065 2660 1182 2727 patre,
1205 2646 1285 2711 illei

197 2742 294 2805 uidem
315 2734 467 2817 colligitur
484 2756 526 2793 ex
543 2733 600 2811 iis,
623 2754 698 2816 qnae
712 2750 743 2795 tu
757 2732 849 2810 dicis,
872 2757 931 2793 non
951 2756 1038 2815 posse
1057 2730 1282 2815 philosophari.

175 2772 260 2892 iiam
273 2825 451 2904 ξυμβαίνειν
472 2818 527 2878 hic
542 2816 695 2898 ponitur,
719 2834 756 2879 ut
772 2840 886 2899 supra.
910 2808 1040 2899 puivosr’
1063 2810 1102 2880 iv
1117 2810 1139 2883 ὅ
1154 2820 1199 2901 μὴ
1215 2820 1284 2883 τίτ-

175 2939 253 2994 ταρα
275 2910 451 3052 ξυμξαίνέῑν
472 2907 579 2985 ttycv,
612 2924 726 2984 1¹ttmpc
745 2905 777 2968 ἐκ
802 2909 891 2967 δυοῖν
916 2899 1040 2967 δυάδων
1064 2910 1284 2969 συντεθεισῶν.

178 3000 290 3061 Gnon.
354 3006 520 3071 mespres„
536 2986 621 3049 mut
640 2988 757 3072 quidem
770 2988 900 3065 occidit,
923 2987 1005 3070 quod
1021 2986 1098 3049 elicis
1103 3029 1114 3063 ,
1137 2988 1284 3071 philoso-

175 3084 267 3170 phari
284 3091 433 3162 promtum
447 3097 506 3133 non
526 3096 596 3135 esse.
640 3074 685 3130 At
698 3093 763 3132 non
781 3072 909 3133 videtur
924 3071 1125 3133 intellexisse
1145 3072 1283 3135 verbum

176 3169 366 3251 ξυμβαίνειν,
389 3157 476 3241 quod
489 3177 585 3239 saepe
602 3172 760 3237 usurpant
772 3156 904 3235 Graeci,
929 3178 1000 3217 cum
1016 3154 1201 3239 significari
1220 3178 1285 3219 vo·

177 3258 263 3323 lunt,
286 3270 326 3308 ex
342 3243 437 3305 dictis
457 3240 582 3324 aliquid
599 3242 764 3323 consequi,
788 3239 883 3313 effici,
904 3246 957 3304 vel
971 3240 1094 3323 colligi.
1141 3242 1285 3305 Detum-

129 3388 132 3393 ,
177 3331 309 3399 turneb
337 3327 566 3400 arithmeticis,
597 3341 692 3411 atque
715 3327 760 3386 ita
784 3328 880 3387 etiarn
906 3327 939 3387 h.
966 3330 989 3387 l.
1042 3325 1193 3389 Vertasi
1221 3328 1286 3387 itnr

178 3418 294 3482 verba:
317 3413 389 3475 Hoc
400 3411 518 3497 quidem
530 3413 658 3494 sequitur
669 3434 711 3471 esc
722 3413 769 3488 iis,
792 3410 966 3497 praedicis.
988 3410 1160 3474 Vrrnrno.
1192 3348 1284 3474 ilaec

178 3503 275 3566 verba
294 3519 456 3583 perperam
473 3494 508 3556 in
524 3499 613 3579 vulg.
630 3511 664 3557 et
677 3497 729 3557 M.
746 3497 896 3558 Lucieno
914 3495 1118 3559 tribuuntur:
1144 3494 1242 3581 qnotl
1253 3508 1284 3561 ct

180 3585 306 3652 Marcii.
323 3581 467 3655 viderat,
490 3594 523 3641 et
537 3577 599 3642 Ed.
617 3579 646 3643 J.
665 3578 841 3643 confirmat.
876 3584 1004 3646 Sonare.

265 3670 346 3733 Ibit.
365 3656 428 3732 Ὧν
443 3666 506 3752 φῂς
518 3659 691 3741 ἆδύνατον)
712 3664 764 3726 Aa
779 3668 810 3744 ἐξ
826 3657 885 3748 οἷνς
919 3668 1053 3731 Gurza.

265 3753 497 3837 Pag.94.1.2.
522 3746 757 3835 ‘Tnepsipepov)
778 3751 878 3812 Vocis
897 3746 1088 3835 ὑπερήμερον
1107 3750 1281 3815 notione·

181 3847 344 3928 eleganter
363 3835 501 3898 declarat
519 3833 600 3895 illud
620 3835 754 3919 Longini
773 3857 796 3901 s.
821 3843 871 3903 14.
892 3836 949 3896 ubi
964 3830 1160 3919 διττρήμερόμ
1176 3860 1207 3901 η
1229 3838 1284 3901 τοῦ

181 3932 261 3994 ἰδίου
275 3926 345 4008 βίον
359 3922 410 3986 καί
422 3915 536 4006 χρόνον
551 3920 745 4004 φθέγξασθαι
762 3935 847 3983 recte
861 3920 1089 4000 interpretatus
1104 3932 1153 3981 est
1166 3942 1209 3981 err
1227 3918 1282 3983 a·

180 4036 284 4075 cerone
307 4004 440 4080 Tollius,
464 4004 559 4067 elicere
575 4004 710 4088 aliquid,
734 4002 815 4090 quoti
834 4028 893 4066 non
911 4002 1016 4065 iisdem
1029 4004 1200 4087 regionibus
1218 4022 1282 4067 ter-

180 4098 319 4169 minetur,
343 4090 448 4176 qnibus
461 4094 539 4151 citae
552 4106 670 4153 nostroe
681 4090 809 4175 spatium
821 4092 1075 4173 circumscriptum
1086 4104 1139 4153 est.
1170 4088 1281 4155 Gne!-
