2634 4680
159 260 237 337 556
427 278 996 331 auuorsnronus

161 431 186 491 ti
200 442 286 493 recte
301 426 410 490 adesse
424 441 550 511 potest,
571 440 609 486 ut
624 426 771 507 pluribus
793 424 927 509 probavi
947 424 990 487 ad
1009 426 1182 499 Herodot.
1197 454 1224 493 c.
1235 440 1263 505 5.

160 531 195 577 et
209 529 283 575 ante
299 534 348 572 me
361 514 526 573 Hennaerb.
543 511 583 572 ad
600 513 691 571 Dial.
712 513 815 573 Mort.
830 510 958 571 XXIII.
973 512 998 576 f.
1017 512 1081 573 ubi
1105 514 1264 599 καθοπὸμε·

50 609 55 621 ’
160 625 217 663 νον
231 601 264 663 ἐν
278 604 314 678 τῆ
326 595 446 681 ῥάβδῳ,
471 617 552 679 quae
565 596 660 657 verba
674 594 805 669 Seianus
816 596 977 658 immerito
990 614 1151 679 suspecta
1164 600 1262 681 babet,

160 700 267 745 tamen
292 662 347 741 bic
371 684 572 763 aliquantum
593 684 726 763 languet
747 679 901 741 historia:
934 679 1052 763 itaque
1071 684 1122 749 tvl
1140 680 1263 773 simul,

159 768 256 827 unice
274 788 384 827 verum
403 787 471 827 esse
493 778 617 840 statuo,
641 778 673 825 et
694 765 879 845 recepissem
893 764 1068 843 profecto,
1094 768 1126 831 si
1153 792 1262 835 nume-

157 872 226 911 rum
245 849 508 930 elephantorum,
532 850 588 932 qui
603 847 762 912 excidisse
778 846 923 924 videtur,
945 846 1071 911 addere
1092 873 1138 927 ear
1159 855 1261 943 aliquo

159 933 283 994 Codice
300 938 351 994 vel
364 934 509 994 editione
523 954 658 1013 possem.
701 934 821 994 Sensus
839 932 924 991 enim
944 938 1118 1015 postulat,
1150 954 1191 1001 ut
1212 947 1266 1006 aso'

152 1017 258 1101 jaculo
282 1016 381 1100 plures
398 1017 562 1100 elephantes
582 1018 723 1103 (simul)
742 1020 890 1098 trajecisse
908 1013 1040 1077 dicatur
1061 1022 1261 1104 Alexander,

157 1124 196 1161 ac
213 1116 280 1160 tum
299 1102 442 1163 adulatio
456 1102 571 1178 nimia,
597 1121 691 1183 quam
702 1101 858 1167 Ιννοιζοοιιο
870 1097 1067 1185 redarguere
1084 1112 1180 1183 vnit,
1201 1130 1260 1173 aeas

156 1182 285 1267 prodit,
310 1190 467 1267 quaejam
482 1186 516 1243 in
534 1192 665 1269 vulgata
676 1185 818 1245 lectione
831 1187 919 1243 nulla
937 1200 1003 1266 est,
1035 1202 1111 1251 turn
1128 1213 1207 1255 vero
1217 1198 1259 1277 ja.

39 1298 42 1304 ·
155 1286 206 1329 ata
222 1270 396 1329 Alexandri
414 1271 582 1351 patetira,
613 1291 685 1329 oum
703 1263 840 1333 niddense
857 1267 959 1341 eden,
989 1270 1067 1333 sive
1089 1278 1257 1341 manifesto

155 1356 238 1414 falsa
254 1354 318 1435 ipsi
335 1354 529 1420 tribuuntur.
571 1353 671 1419 Licet
685 1353 770 1415 enim
786 1353 917 1435 pluralis
931 1354 1107 1435 ἐλέφαντος
1118 1358 1256 1425 sufficere

154 1438 318 1512 videatur,
340 1453 372 1498 et
387 1443 438 1515 vel
452 1438 498 1497 sic
512 1441 610 1522 longe
623 1439 736 1498 melior
757 1458 866 1499 sensus
887 1436 948 1517 sit,
977 1460 1082 1521 quam
1102 1448 1253 1527 vulgatae,

154 1537 261 1583 tamen
277 1520 347 1581 hiat
364 1524 564 1602 aliquantum
586 1522 710 1599 oratio,
738 1521 803 1581 nisi
822 1522 898 1584 duos
918 1526 972 1583 vel
997 1540 1061 1587 tres
1084 1527 1253 1591 addideris.

152 1608 280 1683 Miror,
303 1605 418 1669 Solane
434 1605 512 1667 haec
529 1609 563 1666 in
588 1622 725 1667 mentem
745 1627 812 1667 nou
834 1604 978 1682 venisse,
1012 1612 1077 1691 qui
1100 1626 1169 1673 tam
1185 1628 1254 1677 stu.

154 1690 246 1752 diose
261 1690 340 1751 haec
352 1690 447 1751 verba
463 1689 590 1753 videtur
606 1691 792 1755 excussisse.
837 1690 917 1753 Cum
932 1712 1048 1753 sensus
1064 1704 1127 1763 τοῦ
1138 1700 1185 1765 §vl
1197 1714 1252 1763 uu

153 1774 252 1835 facile
268 1789 384 1855 pateat.
407 1778 522 1839 Fateor
538 1777 644 1851 enim,
667 1774 752 1835 nihil
767 1776 926 1837 noviense
940 1776 1096 1860 singulos
1110 1782 1252 1865 elephan-
1301 1826 1305 1831 -

153 1872 205 1919 tos
229 1861 333 1919 contis
356 1865 523 1942 trajectos,
553 1859 609 1922 sed
628 1881 728 1941 parvo
750 1864 872 1943 jaculo,
904 1858 992 1941 quod
1017 1860 1251 1930 diminutivum

153 1940 295 2009 ἆκοντίον
310 1960 420 2014 notat,
445 1967 576 2029 unoque
587 1948 656 2005 ictu
669 1942 748 2006 duos
763 1942 936 2022 tranfixos,
958 1942 1024 2007 hoc
1034 1964 1112 2011 erat
1123 1943 1249 2015 miraei.

151 2032 229 2088 lum.
269 2026 340 2094 Ἐπὶ
353 2026 491 2110 κεφαλὴν
506 2045 610 2090 autem
627 2030 653 2091 si
669 2050 733 2090 non
749 2026 788 2088 de
802 2030 910 2109 capite
922 2026 1016 2107 libri,
1040 2054 1088 2093 nn
1102 2034 1250 2119 igiturda

153 2112 260 2195 capite
275 2115 415 2173 auctoris
432 2112 689 2197 intelligendum,
705 2111 792 2195 quod
810 2111 991 2175 Alexander
1004 2130 1126 2196 petens
1138 2119 1249 2183 librum

153 2198 249 2257 simul
264 2198 297 2256 in
314 2219 427 2278 aquam
442 2196 639 2278 projecerit?
668 2212 776 2277 potest
796 2197 880 2258 enim
901 2200 952 2263 leel
970 2196 1122 2289 intelligi
1141 2228 1246 2285 uerus,

152 2281 213 2360 (οἷς
235 2280 279 2340 ita
294 2297 331 2342 ut
344 2282 425 2342 liber
440 2281 579 2341 directus
593 2304 690 2341 versus
705 2282 846 2343 auctoris
862 2296 975 2363 caput,
1000 2285 1066 2345 etsi
1089 2310 1160 2351 non
1174 2290 1248 2353 teli·

152 2364 254 2447 gerit,
278 2365 313 2423 in
329 2367 469 2425 maresit
484 2368 654 2444 projectus.
696 2368 893 2447 assequens
910 2367 1003 2447 cedd,
1025 2367 1063 2429 id
1087 2394 1158 2435 non
1180 2396 1249 2457 per-

151 2449 263 2511 mittit.
292 2451 415 2512 Rarrz.
458 2449 691 2510 Praeeuntibus
720 2447 822 2510 Codd.
854 2453 893 2516 G.
915 2453 959 2516 L.
987 2456 1131 2525 etMss.
1152 2460 1246 2545 Regg.

150 2537 245 2600 2954.
263 2548 295 2594 et
310 2540 404 2601 2956.
428 2533 649 2614 rescripsimus
663 2537 724 2599 ἑνί·
749 2555 841 2616 quam
858 2538 1029 2599 lectionem
1045 2540 1151 2619 etiarn
1164 2564 1247 2606 seen-

150 2631 203 2677 tna
218 2631 266 2679 est
281 2618 315 2676 in
332 2638 388 2678 sua
402 2619 535 2681 Luciam
551 2618 698 2685 versione
718 2616 851 2682 Balissus.
875 2619 947 2685 Bar.
987 2617 1056 2687 Ἑνὶ
1075 2646 1148 2689 non
1171 2649 1246 2711 opna

149 2717 207 2767 est.
251 2695 369 2763 sensus
381 2717 445 2765 est:
465 2702 572 2787 „quod
589 2702 757 2786 elephantos
771 2704 875 2786 jaculo
896 2700 1022 2789 interfici
1038 2722 1182 2791 pdau'et
1201 2715 1246 2775 in·

147 2787 286 2873 terfictos
303 2813 363 2850 esse
376 2787 488 2851 dicis.“
530 2787 728 2851 Sententiam
743 2788 840 2872 hujus
854 2791 937 2863 loci,
960 2796 1076 2853 eontra
1092 2795 1176 2859 inte‘
1204 2818 1246 2859 re.

147 2887 212 2948 tes,
236 2872 290 2932 hic
307 2876 424 2935 frustra
443 2873 645 2951 laborantes,
675 2878 836 2956 eleganter
859 2875 1012 2956 exposuit
1036 2818 1203 2947 Wielandi
1211 2880 1243 2943 in

146 2972 242 3033 nota,
268 2958 323 3041 qui
338 2958 439 3040 ipsam
454 2958 549 3020 etiam
564 2979 702 3040 pugnam
719 2958 893 3019 solitariam
910 2957 948 3019 ab
965 2958 1104 3025 humine
1117 2964 1185 3041 iate
1197 2966 1243 3026 in.

146 3055 223 3122 epto
236 3040 342 3102 fictam
357 3062 426 3104 esse
440 3044 565 3103 statuit.
587 3040 668 3146 Ind‘e
685 3041 875 3123 explicanda
889 3043 1003 3107 verba:
1025 3054 1159 3113 τοιαῦτα
1170 3044 1241 3133 aiulo

144 3126 622 3283 stertentem
649 3126 1240 3295 fftlstttttsstntttttttt

143 3294 280 3371 habebo,
299 3294 372 3355 dum
389 3294 575 3376 probaverit
590 3294 673 3375 quis,
688 3296 720 3359 ἐν
736 3290 866 3361 sincerior
881 3292 1027 3377 φονεύειν
1043 3298 1130 3361 bene
1147 3302 1241 3367 Grae·

145 3400 183 3441 ce
203 3378 269 3442 dici
290 3380 446 3462 potuisse.
491 3376 567 3439 vid.
590 3377 712 3442 Adnot.
736 3378 777 3443 ad
796 3381 885 3443 Dial.
910 3383 1026 3443 Mottt.
1047 3382 1189 3467 XXIII,
1211 3396 1240 3457 3.

143 3466 235 3525 Tem.
251 3465 295 3527 II.
312 3486 384 3547 pag.
401 3471 472 3533 642.
490 3484 537 3544 sq.
583 3462 680 3545 Quod
702 3478 807 3528 eutem
822 3487 985 3527 numerum
1007 3467 1151 3549 aliquem
1172 3476 1241 3535 ele-

143 3546 338 3629 phantorum
352 3548 384 3613 h.
399 3551 421 3609 l.
439 3548 573 3609 Reitzius
587 3548 762 3628 desiderat,
785 3548 842 3630 qui
855 3548 895 3609 ad
907 3571 1017 3611 vocem
1042 3560 1238 3621 numeralem
1286 3596 1292 3611 .

143 3635 189 3699 ivl
210 3635 382 3710 referatur,
420 3631 455 3693 id
477 3653 580 3714 prope
602 3632 691 3694 abest
714 3654 731 3693 a
755 3632 907 3698 ridiculo.
949 3634 1090 3698 Volebat
1112 3640 1239 3703 seilicet

142 3716 276 3781 Reitzius
289 3712 518 3799 repraesentari
532 3717 645 3777 lectori
667 3717 778 3777 miram
793 3720 939 3798 profecto
962 3719 1138 3803 imaginem
1161 3721 1237 3787 Puri

143 3802 257 3863 duobus
270 3803 395 3862 tribusve
407 3801 497 3865 simul
510 3799 733 3883 elephantibus
748 3801 940 3865 insidentis:
961 3803 1062 3885 probe
1085 3808 1174 3874 enim
1193 3817 1239 3872 ts.
1261 3827 1268 3843 ·

144 3884 300 3961 nendum,
329 3885 368 3946 de
381 3888 552 3970 μονομαχίᾳ
574 3905 750 3946 sermonem
773 3908 850 3949 esse.
893 3888 1030 3950 Plutnlis
1054 3890 1236 3973 ἐλέφαντας,

142 3968 197 4051 qui
211 3968 359 4032 Reitzium
373 3974 452 4031 male
468 3968 600 4045 habuit,
624 3970 836 4033 universalem
853 3972 1015 4053 signifieat
1030 3978 1237 4059 sententian,

142 4053 414 4119 hortamentum
432 4054 472 4117 ud
485 4074 551 4119 rem
567 4054 734 4135 specialem
750 4056 959 4125 referendam.
978 4058 1120 4135 Lanu„
1202 4105 1210 4141 ¹.
1224 4113 1227 4119 .
