2634 4680
250 318 289 363 iu
317 314 496 373 Quonoon
523 312 700 361 εεεετοεειλ
727 314 784 361 ein
811 312 960 361 oouscu.
1076 296 1155 373 603

58 475 120 524 ete.
138 461 310 544 ααγκραεέῳ
323 458 439 520 vioitee
454 457 601 519 truditur.
644 461 707 519 Ter
722 458 926 541 Olympicum
939 481 1089 521 eoronam
1107 484 1155 523 re.

59 561 202 627 portame
224 559 330 604 narrat
354 544 436 605 Dion
451 541 511 606 Glr
529 569 552 603 ε.
570 550 644 612 230.
656 544 695 608 Λ.
719 542 831 605 suido.
845 558 948 618 tenete
972 543 1025 607 ned
1041 543 1081 605 de
1096 567 1156 628 po-

59 629 194 691 steriore
209 629 292 690 idem
309 628 443 709 plurime
459 567 557 688 hebet
572 628 615 687 iia
630 628 697 689 fere
712 627 846 699 timilia,
869 650 950 713 quae
963 628 1004 692 tle
1020 631 1156 693 Titormo

59 735 76 775 ε
101 713 278 776 Scholiasta
304 727 474 774 memorata
491 710 601 793 legiuti
621 714 813 797 (παγκρατίῳ
834 712 940 774 vietor
959 714 1013 777 Ol.
1030 712 1155 801 Xcm.

59 800 134 882 Asr.
150 812 184 861 et
196 799 287 860 Paua.
303 798 406 858 Eliuo.
425 798 469 857 11.
481 817 513 879 p.
538 804 607 873 110,
623 805 672 865 17.
688 818 782 878 quem
798 799 904 861 locum
919 798 1053 859 omnino
1069 798 1155 863 vide.

56 882 180 969 Loyd.)
203 886 256 957 De
281 881 454 966 Theogene
475 878 529 940 adi
551 881 632 945 Plut.
648 888 741 951 1462.
761 879 914 943 Plutonem
929 882 1044 957 etiem,
1066 887 1157 966 eujus

58 983 166 1031 aetate
181 967 282 1044 vixit,
305 963 346 1024 de
368 968 451 1047 llep.
468 966 496 1027 Ι.
519 979 551 1026 οε
564 966 656 1029 Ροεεε.
670 970 691 1029 l.
707 986 734 1027 ο.
778 964 863 1027 Vide
876 966 1018 1029 Nostrum
1035 968 1156 1035 Herod.

59 1052 116 1115 lin.
139 1052 261 1136 Imagg.
277 1072 304 1117 o.
319 1057 368 1118 19.
388 1065 421 1114 et
443 1050 544 1113 Coun.
569 1052 670 1113 Dent.
685 1072 712 1113 ο.
732 1058 781 1121 12.
811 1053 936 1113 Sonnu.
978 1052 1159 1115 Monuerut

57 1137 224 1199 Hnuaterlu
246 1136 281 1196 in
304 1156 401 1218 marg.
424 1132 607 1199 adeundum
631 1135 734 1199 Wneae
754 1131 793 1197 etl
814 1134 950 1220 ΤΙευυγεέ.
962 1156 996 1217 p.
1012 1142 1085 1206 255.
1100 1158 1156 1201 no.

57 1230 109 1290 80.
124 1222 164 1307 (i.
180 1243 208 1283 e.
225 1219 266 1281 od
282 1220 322 1281 1..
338 1222 398 1287 IV.
415 1218 446 1303 §
458 1221 533 1301 27.)
548 1217 607 1280 ubi
624 1220 757 1305 Tluoyd.
777 1222 947 1304 Θεογένους
958 1222 1158 1285 mentionem

57 1306 157 1382 feeit,
181 1305 238 1389 qui
262 1310 446 1388 exploratot
467 1305 506 1367 ab
523 1304 776 1369 Atheniensibus
793 1308 913 1369 electu·
934 1304 993 1381 eit,
1016 1325 1076 1389 pro
1089 1327 1156 1385 qno

59 1390 94 1449 in
110 1389 299 1472 quibusdem
313 1389 404 1451 libris
420 1402 525 1459 temen
539 1395 665 1475 legatur
676 1392 861 1475 Θεαγένους,
883 1388 1054 1489 pergitque
1071 1391 1159 1453 Woe-

59 1501 102 1551 ee,
130 1477 279 1559 Θεαγένης
299 1478 473 1556 Τγεειεεεεεε
495 1477 754 1559 Megarensium,
775 1496 870 1555 ¹nocer
893 1474 1047 1555 Cylnnts,
1070 1474 1159 1537 Tlo-

57 1560 161 1645 cydid.
179 1561 215 1637 Ι,
233 1567 305 1628 126.
326 1574 358 1621 et
372 1559 505 1622 Ρυαεοεε.
527 1560 648 1623 Αεείοἰε
661 1561 854 1622 XXXVIII.
897 1559 989 1621 Alina
1007 1561 1160 1644 Θεαγένης

57 1645 268 1708 Athenienaie
283 1643 368 1726 apud
379 1645 547 1730 Thucydid.
562 1645 602 1719 V,
618 1651 670 1712 21.
686 1646 743 1727 qui
758 1659 863 1707 tamen
881 1643 1002 1706 ibidem
1017 1667 1088 1727 cup.
1105 1651 1158 1711 19.

62 1733 223 1814 Θεογένης.
270 1732 421 1814 Θεαγένης
441 1730 560 1792 athlete
584 1728 671 1810 opud
691 1730 821 1791 Peneon.
840 1728 905 1800 vl.
922 1736 959 1806 6,
984 1737 1034 1798 11.
1053 1742 1085 1792 et
1106 1735 1158 1799 15.

57 1816 214 1877 Plutarch.
243 1822 418 1889 Πολετενοῖς
445 1821 627 1900 ποραγγελμ.
653 1815 786 1885 Luoion.
816 1812 857 1879 (le
879 1812 1046 1881 Conantib.
1068 1814 1157 1876 niet.

58 1921 92 1980 p.
110 1908 182 1969 626.
207 1898 288 1983 (Ed.
309 1898 413 1961 Groeu.
430 1897 452 1963 i.
468 1920 496 1963 e.
509 1899 573 1961 hoo
589 1920 614 1961 c.
625 1906 695 1972 85.)
715 1913 748 1959 et
763 1901 864 1961 Deor.
890 1897 1019 1962 Concil.
1037 1920 1069 1981 p.
1085 1905 1159 1967 714.

58 1985 103 2043 Et
121 1985 245 2067 Catapl.
259 1989 370 2065 pam.
386 1983 514 2067 aliaque
527 2006 568 2047 ex
576 1984 713 2067 Xenopb.
729 1998 792 2047 ete.
809 1981 848 2043 tle
861 1982 1158 2064 ScriptoreHietor.

58 2067 180 2150 philos.
196 2089 278 2148 quee
292 2067 339 2127 ihi
355 2065 450 2144 vide,
473 2068 560 2129 unde
573 2068 652 2129 haee
667 2068 825 2130 festinam
840 2066 998 2149 excerpsi.
1029 2069 1157 2133 liniue.

143 2152 222 2218 End.
236 2156 258 2214 l.
275 2160 305 2222 8.
327 2145 477 2228 Ἀπέοτω)
501 2154 653 2218 Artem.
668 2158 731 2215 loo.
745 2153 802 2215 nit.
824 2154 961 2215 Bonan.

147 2238 226 2301 End.
238 2244 260 2305 1.
279 2243 327 2308 15.
354 2236 521 2317 Τελέσεεεν)
542 2238 578 2298 Si
594 2238 666 2324 quia
678 2257 728 2297 me
743 2235 903 2316 dnouerit,
926 2236 1090 2318 quomodo
1105 2236 1162 2301 hio

59 2323 191 2410 legitur,
213 2322 259 2385 ite
276 2338 308 2387 et
322 2323 403 2385 aliut
419 2342 487 2385 εεεο
498 2326 638 2399 λοουεοε,
662 2336 695 2385 et
709 2320 791 2385 bene
805 2341 842 2384 ea
858 2342 930 2382 eum
949 2322 1085 2407 reliquia
1102 2346 1163 2387 en-

61 2409 212 2485 haerere,
234 2409 284 2469 illi
301 2409 421 2493 guntiae
434 2428 524 2490 agunt
540 2408 674 2471 metenti
690 2406 814 2473 lobene.
859 2407 986 2469 Inteteu
1002 2407 1163 2493 interpte-

61 2508 250 2569 teutonum,
272 2516 308 2555 ne
324 2493 353 2553 ai
369 2499 510 2597 legatur,
533 2490 697 2577 quomodo
712 2492 897 2553 Lucienum
918 2489 1044 2556 deditae
1055 2492 1163 2577 enipi.

63 2601 135 2651 cor,
157 2580 296 2643 τελέσειεν
317 2574 430 2658 ἃχρη,
452 2577 506 2641 nul
523 2577 601 2659 πρὸς
619 2573 675 2642 eiu
696 2574 813 2641 σκοπεῖν
828 2580 936 2642 ῖεεοεευ.
982 2571 1029 2643 ol
1049 2578 1108 2661 γὰρ
1122 2574 1164 2645 ἂν

63 2666 159 2743 φαίης
173 2689 200 2727 u·
218 2688 243 2725 τ.
259 2670 285 2725 λ.
309 2662 413 2721 Gnsu.
457 2660 995 2743 HueeGeenerueingenioteeane.
1037 2663 1164 2729 sedea-

63 2756 124 2811 λεῖν
139 2760 187 2807 eet
200 2746 387 2826 pervenire,
409 2757 447 2804 ut
466 2743 550 2806 Tim.
566 2767 591 2809 o.
607 2754 658 2814 30.
671 2749 684 2822 (
695 2750 769 2822 20.)
788 2741 830 2820 ὥς
847 2741 934 2827 μόλις
953 2752 1050 2812 εελεῖν
1066 2750 1116 2813 lul
1127 2745 1164 2815 τὸ

63 2834 161 2911 τέρμα.
184 2829 241 2889 ubi
255 2844 360 2890 temen
375 2828 459 2892 varii
470 2828 548 2893 libri
561 2834 698 2913 glossam
713 2828 868 2894 exhibent
882 2833 991 2897 έλθεῖν.
1013 2831 1163 2899 Moeroh.

66 2940 94 2977 c.
105 2924 155 2982 10.
170 2918 212 2989 εἰς
223 2908 405 2993 ἐνενήκοντα
419 2920 512 2979 τελεῖν
528 2918 588 2997 ῖεη.
607 2913 666 2973 ubi
680 2912 853 2980 vid.Reitz.
876 2917 978 2979 Run..
1020 2917 1165 2994 „Verum

68 3000 176 3063 uetito
198 2998 258 3082 (ut
271 2997 413 3060 Gesneruo
424 3003 514 3079 vult)
536 3000 715 3061 orationem
732 3000 862 3060 feciliua
876 3000 1057 3080 procedere.
1100 2997 1165 3065 sed

68 3086 174 3147 deleta
190 3105 271 3145 voce
287 3087 341 3150 καὶ
355 3098 428 3165 poet
445 3082 514 3167 ἄχρι
534 3105 617 3165 opus
631 3084 692 3145 hue
707 3084 930 3147 emendatione
946 3107 1012 3147 non
1030 3106 1098 3148 eene
1111 3083 1166 3148 vi-

67 3171 171 3231 detur.
220 3176 320 3233 Τελεῖν
339 3168 424 3231 enim
445 3170 574 3252 eaepiuu
594 3168 738 3231 absolute
759 3170 907 3250 ponitur,
937 3170 1165 3233 subintellecto

66 3255 216 3313 nimitum
231 3250 288 3334 τὴν
303 3249 394 3330 illu,
418 3273 446 3316 ο.
463 3274 492 3338 g.
509 3255 575 3317 Thu
611 3254 641 3316 ἆ.
660 3255 718 3334 IV,
731 3261 784 3322 78.
801 3255 871 3333 (ed.
888 3255 1018 3339 Bauer.)
1030 3257 1064 3331 ές
1082 3260 1166 3336 Φαρ-

67 3338 159 3403 σαλόν
171 3365 203 3403 τε
217 3340 334 3405 έεέλεοε.
380 3340 688 3413 Conf.ib.1.97.
731 3341 802 3403 Jum
823 3362 896 3401 oum
911 3342 946 3400 in
962 3354 1076 3401 nostro
1090 3342 1165 3401 loeo

67 3441 160 3485 autea
178 3422 217 3485 de
232 3427 288 3485 υἰίε
307 3446 408 3488 termo
430 3426 549 3487 fuerit:
578 3427 630 3490 uel
649 3421 757 3509 ἄριστα
775 3422 853 3508 πρὸς
872 3422 982 3509 λόγους
1002 3422 1166 3531 innupla?

65 3507 235 3587 ὑποδείξειν
250 3505 343 3585 ὁδούς
359 3536 444 3586 τινας
456 3504 566 3589 ὀρθὰς,
587 3513 615 3575 ei
630 3506 668 3591 δὴ
684 3514 811 3574 τοιαῦτα
825 3514 997 3590 φαίνονται,
1019 3506 1070 3585 nie
1082 3535 1167 3592 γρεε·

65 3621 158 3677 μενος
178 3630 222 3647 η-
242 3595 400 3661 τελέαεεευ·
422 3594 540 3678 quidni
560 3594 642 3655 hano
663 3594 813 3657 vocabuli
829 3593 1097 3678 significationem
1112 3616 1168 3657 ue.

69 3678 230 3760 quemue?
274 3678 361 3739 Illud
376 3701 453 3741 vero
473 3678 541 3761 ε’έγρε
561 3678 639 3758 nobe
651 3700 717 3739 non
741 3678 1012 3754 inimicantem,
1038 3700 1080 3741 ne
1097 3680 1168 3742 No·

69 3761 1167 3911 λευεέῑε01·λ“ἐε·.λε;,ελλ1λελλλελ

69 3937 160 3993 locon
178 3932 332 4016 qnondam
357 3936 490 3997 Lucium·
510 3955 541 4011 p.
558 3939 607 4000 17.
622 3949 654 3995 et
672 3941 720 4001 18.
734 3946 767 3993 et
786 3874 875 3994 ioete
898 3931 1044 4015 quidem,
1064 3931 1166 3996 ‘modo

70 4036 112 4075 ne
125 4018 177 4081 uel
192 4032 268 4100 pont
282 4018 353 4105 ἄχρι
366 4019 465 4081 deleri
479 4018 577 4091 velit,
600 4038 663 4101 que
675 4016 714 4075 ad
731 4016 796 4075 vim
809 4018 988 4079 sententiae
999 4018 1167 4079 absolven.

70 4098 143 4173 dent
158 4122 200 4169 ne
214 4104 316 4169 eueni
330 4102 461 4189 quidem
477 4116 593 4189 potent.
636 4104 690 4165 De
708 4100 878 4165 locutione
891 4109 986 4171 τελεῖν
998 4101 1092 4188 πρὸς,
1115 4106 1168 4167 vel
