2634 4680
151 290 228 363 550
420 308 982 357 arraorarrunas

154 462 286 539 lantque
308 455 389 513 banc
413 454 579 535 periodum
605 470 637 515 ot
659 476 783 515 omnem
808 458 876 535 ejus
900 451 1147 535 intelligendae
1170 454 1262 529 daur,

156 543 256 619 inque
271 560 306 600 ea
320 540 511 599 seutentiam
531 540 659 599 lauriani
679 540 869 619 interpretes
884 538 1016 613 Latini,
1042 559 1193 619 quorum
1207 538 1263 599 Be-

156 626 288 685 nedictus
303 623 366 691 ita,
390 648 448 682 rem
466 622 749 707 raldefabuiosarn,
762 622 898 706 quodque
910 626 941 681 in
959 621 1090 683 laudem
1106 627 1263 685 maximo·-

156 734 224 792 pere
245 706 386 781 inclinat,
416 711 550 789 utrinque
571 707 756 767 audientibus
776 732 835 767 non
853 731 912 767 esse
927 706 1119 789 jucundum.
1172 706 1262 791 Quod

160 814 231 852 curn
246 812 302 872 per
316 813 348 850 se
364 788 491 872 ἀτεχνῶς
508 794 550 849 sit
566 792 810 869 chimericum,
835 793 900 851 imo
915 791 1054 863 falsum,
1081 794 1144 873 (et
1163 793 1261 854 curin

160 876 427 955 interpretatione
442 876 564 935 omittit
583 878 614 940 ἐν
632 872 743 958 αὐτῇς)
766 890 833 935 tum
850 875 878 935 ai
894 896 987 959 roges
996 920 1008 953 ,
1033 897 1099 937 cur
1113 876 1263 943 Lucienus

161 959 247 1018 dicat
262 950 310 1040 ἦν,
328 982 394 1019 nou
407 963 477 1035 ἐστὶ,
492 961 640 1039 profecto
655 964 775 1021 nullam
813 959 892 1020 ussit
905 958 980 1019 dara
991 980 1160 1021 caussam.
1183 964 1262 1021 Tan-

160 1043 290 1105 tundem
302 1044 527 1125 respondebit,
552 1045 581 1103 si
594 1065 701 1126 roges,
726 982 809 1126 quiri
823 1044 866 1103 sit
880 1046 1018 1127 utrinque
1029 1044 1174 1115 audire?
1206 1047 1261 1106 De·

159 1127 235 1189 iude
248 1130 371 1210 pergit,
395 1128 465 1189 tium
483 1152 542 1189 non
556 1128 593 1189 de
604 1128 698 1215 faece
710 1128 860 1192 bominum
871 1144 900 1188 et
917 1132 1100 1211 promiscua
1115 1128 1204 1215 plebe
1215 1129 1261 1191 but

159 1212 373 1295 intelligamus,
396 1214 449 1272 sed
466 1213 502 1273 de
519 1216 556 1273 iis
577 1228 636 1274 etc.
684 1212 773 1294 Quid
796 1233 912 1297 quaeso
931 1212 1166 1297 intelligemus
1182 1214 1259 1277 deil-

158 1298 222 1373 lis,
247 1312 352 1356 utrum
369 1298 518 1371 laudatis,
541 1319 580 1356 au
597 1296 829 1357 laudantibus?
853 1295 905 1358 Ad
919 1294 977 1357 has
993 1314 1113 1361 tamen
1129 1296 1258 1361 absurdi·

160 1395 242 1441 tates
267 1382 405 1461 praeivit
426 1380 588 1464 Micyllus,
612 1386 703 1462 cujus
722 1380 800 1441 haec
819 1395 912 1440 sunt:
934 1380 1019 1465 quod
1039 1408 1142 1469 neque
1166 1389 1257 1445 'acum

161 1465 231 1525 dum
252 1465 327 1525 odeo
342 1469 373 1525 in
391 1467 529 1539 historia,
551 1464 633 1550 quod
649 1465 738 1526 vaide
755 1464 929 1546 fabulosum
949 1482 1008 1542 est,
1032 1482 1064 1529 et
1090 1468 1138 1529 ad
1186 1466 1257 1529 udan

159 1553 293 1611 maxime
311 1551 453 1625 inclinat,
476 1551 630 1634 utrobique
651 1550 837 1613 auditoribus
856 1574 915 1609 esse
932 1549 1026 1628 solet,
1049 1550 1132 1613 dum
1154 1576 1212 1615 non
1228 1550 1257 1610 de

150 1637 242 1722 faece
255 1636 405 1695 bominum
418 1659 456 1696 ao
474 1634 569 1695 multa
586 1638 812 1723 promiscuoque
822 1633 906 1718 plebe
919 1634 975 1695 boe
986 1634 1198 1719 intelligamus
1208 1650 1256 1697 att.

160 1719 342 1778 illaudabili
362 1720 520 1781 versione.
564 1720 780 1800 Interpretor:
802 1742 862 1779 non
882 1744 941 1779 esse
956 1722 988 1778 in
1001 1721 1140 1782 historio
1154 1726 1257 1805 jucun-

161 1804 231 1862 dum
246 1804 294 1881 iri,
317 1804 397 1887 quod
411 1821 452 1863 est
468 1803 577 1886 oppido
586 1803 775 1889 fabulosum.
818 1802 917 1863 Etiam
935 1802 1135 1888 laudationes
1149 1810 1257 1867 nimium

159 1886 320 1970 proclives,
342 1889 528 1949 audientibus
544 1887 685 1949 accidunt
699 1891 730 1948 in
741 1903 893 1971 utrumque
906 1888 957 1967 (ut
970 1910 1039 1949 non
1054 1890 1134 1965 'sint
1149 1909 1256 1972 semper

162 1972 334 2053 jucundae,
347 1972 402 2034 sed
418 1988 535 2055 queant
553 1994 619 2033 esse
635 1970 806 2053 jucundae,
816 1985 936 2053 queant
950 1993 1019 2033 essa
1034 1963 1256 2035 coittrariaatt

164 2056 310 2138 ingratae
324 2058 364 2118 ob
380 2058 482 2118 varias
500 2078 632 2129 caussas,
642 2079 678 2116 ac
693 2060 746 2117 rel
763 2056 872 2117 dextre
887 2058 939 2117 rel
953 2056 1092 2119 sinistra
1106 2058 1256 2141 accipiat

163 2140 301 2201 maxime
316 2142 542 2221 proprietatem
558 2140 710 2220 phraseos
725 2141 929 2223 attingamus,
937 2160 1021 2223 quae
1039 2144 1256 2207 occurritva.

164 2224 428 2301 Hiu.1.cap.40.
446 2226 541 2303 οἱμὲν
556 2220 632 2304 παρ’
648 2223 774 2303 ἑκάτερα
788 2232 843 2303 τῆς
853 2224 951 2301 νήσου
965 2222 1179 2312 καθήμενοι.)
1198 2226 1257 2287 Non

164 2307 295 2389 intellige
303 2310 427 2393 faecem
439 2309 596 2394 confusam
608 2325 634 2367 et
646 2314 845 2393 promiscuam
856 2310 978 2394 plebm,
998 2310 1052 2371 sed
1068 2326 1135 2373 eto.
1152 2312 1257 2396 quibus

166 2392 272 2451 verbis
287 2393 455 2463 describit,
479 2414 560 2473 quos
572 2391 739 2467 ἀκούοντας
753 2394 884 2457 innuatr
909 2396 1002 2477 quasi
1022 2394 1137 2471 dicat,
1159 2417 1222 2458 uon
1234 2394 1257 2455 ri

165 2496 205 2535 eo
228 2497 330 2558 usque
352 2475 547 2537 adscendent
567 2478 646 2538 istae
663 2478 883 2556 laudationes,
906 2494 944 2537 ut
966 2478 1066 2539 etiam
1091 2479 1257 2541 inliniri-

166 2557 274 2629 deant,
284 2576 316 2621 te
331 2562 363 2621 in
375 2560 537 2622 laudando
552 2561 703 2624 excedere
718 2561 921 2639 modum‚sed
935 2564 1106 2625 sitantum
1122 2566 1171 2627 ric
1183 2584 1256 2649 agat,

166 2657 204 2701 ut
220 2645 398 2707 acutissimi
418 2643 451 2704 id
466 2646 663 2727 percipiaut;
687 2652 755 2723 vel,
778 2661 815 2706 ut
838 2648 907 2726 ipse
920 2648 1059 2727 exponit
1072 2650 1164 2711 iufra
1178 2658 1256 2715 ult.

166 2722 239 2791 brar
251 2728 326 2795 nurci
341 2734 444 2813 τέχνην
456 2725 531 2795 obri
546 2735 657 2815 δρῶσιν
670 2735 722 2797 καὶ
734 2730 942 2807 ἐπισκιάζουσι
953 2730 1010 2811 τὴν
1022 2738 1174 2801 θωπείαν
1179 2784 1190 2815 ,
1203 2728 1257 2801 ‹itl'

166 2806 269 2897 ἆθρὸα
282 2814 380 2880 πάντα
394 2818 446 2880 nui
460 2810 598 2881 ἇπίθιινσι
614 2818 664 2881 aui
678 2816 775 2900 γυμνὰ
798 2822 949 2893 διεξίασιν.
973 2818 1089 2881 Gnorr.

250 2900 328 2961 Eae.
347 2906 369 2965 l.
384 2910 413 2967 7.
437 2898 625 2981 Πρὸςαντες)
651 2901 785 2964 Videtur
799 2901 883 2966 nihil
902 2923 982 2985 opus
998 2923 1067 2964 ease
1084 2900 1168 2967 huia
1181 2910 1257 2979 loeo,

166 2983 232 3043 nisi
250 3001 286 3045 ut
301 3000 485 3061 revocetur,
509 2986 595 3069 quod
616 2991 676 3067 jam
692 2988 828 3064 factum,
852 2984 1043 3069 simpliciter·
1058 2988 1186 3052 Aldina
1197 2994 1259 3051 laa-

167 3068 232 3141 tio,
247 3069 374 3129 sublato
389 3074 491 3129 solum
507 3071 623 3141 inciso,
648 3067 734 3152 quod
751 3070 797 3129 ibi
813 3071 909 3131 etiarn
926 3070 1063 3183 ponitur
1076 3072 1168 3137 inter
1178 3068 1260 3157 apir-

166 3179 253 3226 nurse
267 3170 299 3213 et
319 3148 394 3234 παρ’
411 3153 562 3235 ἑκάτερον.
607 3154 767 3216 Nimirum
781 3152 845 3215 hoo
862 3182 923 3240 παρ
960 3151 1127 3241 ἑκάτερον,
1150 3156 1258 3243 inquo

165 3251 335 3318 tantopere
364 3238 543 3316 laboratur,
575 3239 615 3299 ad
642 3234 804 3319 πρόσαντες
831 3241 966 3300 refertur
995 3239 1259 3303 commodissime.

170 3324 312 3407 Utrinque
328 3340 517 3407 praeruptum
537 3341 580 3385 est
598 3338 630 3384 et
646 3324 831 3385 audientibus
851 3323 1017 3384 adversum
1040 3339 1142 3407 atque
1162 3329 1260 3387 mole-

166 3419 266 3485 stum,
289 3429 354 3468 nou
377 3408 484 3467 minus
505 3432 596 3493 quatu
614 3428 757 3483 asperum
778 3422 810 3468 et
827 3424 1029 3490 praeruptum
1044 3408 1111 3473 iter
1125 3410 1261 3472 viatori·

165 3490 243 3566 bus,
264 3490 395 3553 laudare
416 3493 516 3566 ali0s;
542 3490 673 3553 difficile
694 3514 770 3575 ergo
797 3492 970 3569 scribenti,
992 3505 1023 3553 at
1040 3492 1075 3555 in
1094 3507 1260 3580 utramque

166 3590 286 3655 partem
299 3574 447 3652 difficile,
472 3602 542 3639 curn
558 3582 609 3638 vel
622 3576 717 3636 nimis
731 3577 867 3637 ridearis
882 3576 1052 3659 prodigiis,
1076 3581 1134 3639 vel
1151 3600 1259 3660 parcus

165 3660 272 3721 nimis.
318 3664 364 3722 Ut
386 3662 440 3722 hic
461 3661 677 3743 metaphorice
692 3662 863 3738 Lucienus,
887 3660 1078 3743 sioprupria
1098 3660 1259 3725 Caesarii.

166 3744 238 3886 gir.
257 3746 290 3820 Ι,
314 3753 367 3814 45.
390 3747 567 3832 Praeruptus
586 3747 669 3811 loeus
697 3762 774 3821 erut,
804 3764 928 3832 utraque
948 3768 989 3807 ιιι·
1015 3761 1105 3829 parte
1125 3746 1259 3813 ιῐίκσιιιι.

197 3852 269 3892 usu.

250 3916 330 3976 ibid.
356 3911 437 3997 llup'
451 3914 609 3997 ἑκάτερον)
635 3916 698 3975 llic
714 3922 805 3975 locus
820 3928 868 3975 eat
883 3914 1025 3977 mutilus.
1046 3914 1183 4001 Longul.
1211 3918 1260 3977 Da

166 4012 299 4077 utraque
314 4000 496 4060 auditorum
513 4017 602 4082 parte
624 4002 789 4083 intelligo,
810 4000 948 4064 laudatis
962 3998 1087 4065 scilieet
1103 4018 1138 4075 ut
1152 4001 1259 4063 laudat

165 4082 379 4149 audientibus.
424 4088 500 4146 Alio
517 4102 621 4147 tamen
641 4108 735 4148 sensu
753 4099 901 4167 usurpat,
924 4107 964 4147 ex
979 4084 1126 4163 Graeco,
1150 4088 1188 4153 ni
1200 4088 1260 4155 sal·
