2634 4680
166 281 244 357 540
401 288 999 346 nnuorauronns

166 472 236 511 non
250 427 358 509 norma
371 442 580 523 simpliciter,
602 438 657 501 ced
675 460 715 500 ex
730 435 891 521 adjunctis
912 433 951 498 tle
964 445 1074 497 vetere
1088 433 1225 497 cariocrt'
1245 450 1278 497 et

167 554 264 619 prava
279 526 534 609 intelligendum.
557 527 685 586 Some.
1269 534 1272 539 '

251 614 327 677 Ena.
339 616 362 672 1.
376 619 405 677 7.
427 614 641 692 Αἱρεῖσθαι
661 642 705 663 -ν-
726 603 909 691 φεῦγειν]
938 605 1046 667 Peroe
1062 601 1207 687 quidem
1224 602 1277 667 be·

166 724 209 763 ne
224 695 369 759 sehabet
390 695 469 757 haec
491 692 680 770 distinctio,
712 690 768 754 ced
789 690 846 775 qui
865 688 906 751 ad
921 687 1119 773 disciplinae
1135 702 1172 751 et
1190 702 1276 751 atter

166 807 236 851 earn
250 782 461 854 transferant,
483 794 522 838 ut
534 779 589 838 hio
603 777 789 853 Lucianue,
811 795 866 836 eoa
881 796 992 857 parum
1009 770 1192 837 commode
1203 772 1275 837 eive

166 866 313 930 (lividere
335 865 406 926 aive
420 862 539 945 partiri
554 861 715 923 existimo.
759 860 848 922 Fieri
861 860 947 921 euim
971 858 1030 918 vix
1053 870 1190 942 potent,
1219 872 1273 937 ut,

164 952 228 1019 bac
243 948 421 1031 partitione
434 947 546 1029 ecripti
559 944 712 1024 admista,
743 964 853 1006 omnee
874 942 1086 1025 repetitiones
1115 940 1272 1005 vitemur.

164 1037 334 1099 Lucienus
349 1047 434 1095 certe
450 1029 603 1091 anabaud
618 1030 754 1105 vitavit,
784 1026 873 1113 quod
889 1041 996 1089 tamen
1015 1026 1273 1113 facilepotuit-

165 1136 233 1197 cot,
254 1118 283 1179 ei
297 1117 400 1201 logici
414 1116 565 1190 canonia,
589 1118 681 1194 cujus
695 1114 781 1173 infra
796 1134 823 1177 c.
838 1121 890 1182 82.
904 1109 1071 1185 meminit,
1085 1110 1138 1171 'iu
1154 1109 1271 1175 doneri-

165 1201 274 1265 bendo
298 1222 394 1283 opero
412 1200 569 1261 rationem
587 1197 704 1261 habere
727 1199 895 1266 voluisset.
920 1197 1012 1257 Run.
1052 1194 1268 1258 Idem-etiam

166 1286 358 1353 Wialcmtins
367 1282 554 1347 observavit
570 1283 605 1342 in
621 1283 734 1344 limine
749 1282 910 1343 versionis
929 1280 1026 1364 bnjnc
1041 1278 1169 1345 libelli.
1211 1278 1269 1345 tel

163 1370 397 1453 dirpcaitionet
412 1368 567 1429 librorum
579 1368 821 1429 Luciaucorum
841 1387 909 1427 nou
925 1380 1001 1427 eunt
1020 1383 1141 1428 omnen
1163 1364 1268 1427 stricta

164 1456 208 1517 ad
220 1456 421 1540 Logicorum
437 1466 678 1535 praeceptorum
700 1473 845 1512 normam
858 1450 1048 1535 exigendae.
1075 1448 1194 1513 -Alibi
1211 1470 1267 1533 po-

165 1540 233 1601 tius
251 1539 419 1619 scriptoria
433 1536 536 1597 nostri
554 1536 689 1599 virtutes
703 1533 912 1619 quaerendae.
933 1535 1055 1603 Leuat.
1084 1561 1088 1572 ·
1151 1569 1155 1576 ·

248 1622 360 1686 Eunt.
379 1629 429 1690 16.
453 1618 580 1686 Κοινὰ
600 1619 678 1705 γὰρ
701 1658 738 1669 -
763 1616 950 1706 ἁρμονίᾳ]
972 1621 1116 1701 interpr.
1135 1616 1266 1683 Commu·

164 1714 219 1772 nio
232 1712 324 1785 enim,
347 1707 429 1791 quoti
442 1705 529 1783 dixi,
551 1710 647 1768 omnis
663 1709 807 1768 orationis
815 1708 891 1766 vitio
903 1720 970 1766 eunt
981 1708 1014 1767 in
1025 1704 1180 1787 lingue-et
1193 1727 1267 1767 cem·

163 1797 319 1879 positione.
342 1791 440 1853 immo
456 1790 670 1855 reddendum:
691 1795 765 1853 vitio
780 1794 857 1852 enim
871 1794 903 1851 in
917 1789 1020 1873 lingere
1030 1805 1060 1849 et
1074 1791 1265 1873 competitio·

166 1904 203 1941 ne
217 1881 346 1939 omnium
364 1882 532 1945 orationum
552 1892 620 1937 eunt
641 1879 819 1939 communic.
861 1875 949 1937 Num
970 1872 1136 1957 intelligit
1154 1878 1265 1937 elocu-

165 1965 308 2039 tionem,
332 1984 372 2022 an
395 1983 488 2022 ucum
509 1965 695 2023 vocularum
715 1975 748 2023 et
763 1953 1058 2042 compositionem?
1079 1958 1264 2022 nutaverint

165 2045 338 2131 poeterine.
360 2048 451 2107 Rnn.
494 2046 668 2126 Suspectus
689 2042 769 2107 mibi
784 2060 832 2107 eet
854 2043 927 2105 linia
951 2040 1265 2125 ejnarlem(6.)ca-

165 2133 262 2215 pitis,
288 2128 378 2197 κοινὰ
390 2131 448 2215 γὰρ
469 2164 513 2179 --
533 2125 674 2217 ἁρμονίᾳ.
697 2152 769 2189 uam
784 2149 936 2212 perquam
958 2124 1080 2211 frigida
1098 2141 1155 2191 cot
1174 2147 1269 2211 repo-r

165 2218 264 2288 titio,
286 2232 320 2278 et
334 2237 371 2277 ea
393 2213 524 2296 quidem
547 2213 667 2273 fluxum
688 2214 849 2276 orationis
868 2210 1066 2295 impedient,
1090 2234 1197 2299 quae,
1217 2211 1265 2273 bie

166 2301 304 2376 omissis,
328 2298 442 2360 melius
455 2312 488 2360 et
500 2297 698 2358 commodine
712 2299 868 2379 procedit.
912 2296 1050 2371 Videtur
1063 2312 1178 2361 autem
1191 2297 1266 2360 baec

164 2385 310 2448 Luciani
325 2382 507 2444 observatio
523 2381 557 2439 in
573 2383 734 2466 margine,
756 2382 1053 2459 memoriaenon,
1083 2384 1215 2465 potita,
1236 2395 1266 2445 et

166 2483 280 2551 postea
304 2467 482 2529 intextum
502 2466 591 2527 illata
611 2468 729 2547 fuisse,
758 2466 878 2528 additis
899 2466 1024 2530 voculis
1045 2467 1264 2531 connexionir

166 2567 201 2616 et
222 2550 462 2629 excurationia,
491 2547 568 2635 γὰρ,
598 2547 739 2634 cirione.
783 2553 878 2613 Innar
899 2552 935 2613 in
952 2551 1094 2615 Praefat.
1114 2573 1193 2639 pag.
1209 2551 1264 2615 Vl.

165 2638 241 2700 Hoc
256 2634 413 2720 Rudatptt
424 2633 599 2718 judicium,
624 2641 717 2718 cnjus
736 2638 926 2721 elegantiam
947 2634 1060 2698 laudat
1074 2635 1205 2702 Concor
1221 2636 1266 2699 Je-

165 2726 279 2799 neneir,
302 2723 348 2782 ita
362 2734 491 2783 eecutue
510 2735 559 2781 eat
573 2722 790 2798 Schmiecleruc,
813 2735 849 2780 nt
865 2721 988 2800 verbio,
1011 2719 1052 2783 de
1060 2720 1190 2867 guibon
1203 2722 1267 2807 agi·

165 2821 234 2884 tur,
257 2804 452 2888 suspicionis
465 2802 575 2867 notam
587 2806 793 2889 impresserit.
820 2804 909 2867 Mihi
921 2826 1011 2867 aecus
1022 2805 1057 2867 vi
1081 2820 1171 2872 atur.
1198 2808 1267 2869 Du·

164 2892 282 2973 plicem
296 2890 421 2952 scilicet
432 2911 573 2951 caussam
580 2936 592 2965 ,
615 2913 672 2952 cur
686 2889 866 2952 communia
880 2890 942 2952 ieta
957 2889 1109 2953 omnibu·
1123 2890 1268 2955 scriben-

166 2974 202 3035 di
222 2975 393 3059 generibus
409 2976 491 3037 vitia
505 2997 592 3036 nuuc
607 2976 811 3057 praemittere
830 2974 1046 3053 conutituerit,
1063 2975 1181 3039 attulit
1195 2998 1266 3040 aun·

165 3073 235 3121 tor:
258 3060 391 3142 primam
404 3058 505 3138 hanc,
523 3058 609 3143 quod
632 3064 766 3145 longum
783 3062 869 3122 foret
884 3059 1010 3145 ringula
1025 3060 1201 3146 pernequig
1222 3066 1267 3123 ol·

164 3158 283 3221 teram,
309 3145 385 3226 quia
400 3144 539 3204 alienum
557 3142 591 3203 id
611 3146 697 3207 foret
708 3142 747 3204 ab
771 3144 923 3206 inetituto
946 3144 1118 3227 praeacuti.
1167 3144 1266 3233 Quotl

164 3229 327 3310 posterius
340 3242 377 3287 ut
389 3232 588 3308 explanetur,
603 3226 696 3288 addit
710 3243 821 3291 auctor
834 3229 1021 3291 brevissime
1034 3243 1069 3291 et
1082 3232 1183 3312 quasi
1193 3253 1267 3317 por·

165 3311 329 3375 enthetica
347 3314 508 3374 celeritate
532 3312 644 3386 verba,
669 3334 750 3395 quae
766 3330 962 3396 ecquuntur:
989 3311 1158 3397 eorviy'oip
1175 3316 1266 3404 (Gur

166 3394 226 3463 oria
246 3400 367 3475 iritum
390 3398 499 3477 quaeri
514 3398 636 3479 possin
662 3398 883 3480 respondetur,
904 3396 1266 3484 ectviyip)oielpr1v

165 3496 227 3544 etc.
240 3482 263 3543 ἱ.
278 3505 305 3545 e.
315 3498 434 3565 propter
445 3485 542 3563 ipsum
554 3481 650 3555 illud,
671 3484 753 3566 puori
771 3483 861 3547 modo
879 3484 966 3561 dieti,
991 3484 1077 3569 quoti
1091 3482 1267 3551 comminuite

164 3583 233 3628 cunt
244 3571 319 3629 vitio
332 3570 392 3629 into
403 3570 435 3627 in
446 3565 549 3648 lingue
570 3583 598 3629 et
613 3572 823 3651 compositione
834 3570 968 3632 omnibus
980 3573 1128 3633 orationis
1140 3576 1267 3657 germi-

166 3650 238 3733 ὄπως
257 3668 377 3738 propter
389 3650 531 3733 idipsum
544 3655 670 3714 recenaio
684 3676 784 3715 eorum
794 3680 854 3718 non
869 3657 991 3737 proprio
1013 3670 1056 3715 oet
1067 3649 1159 3739 que,
1182 3658 1266 3747 quel

165 3760 245 3797 nunc
260 3762 334 3820 ago,
357 3740 529 3817 argumenti.
573 3738 628 3797 Sic
642 3752 749 3817 patet,
772 3740 869 3802 verba
885 3740 941 3803 illa
963 3738 1087 3821 adjecta
1101 3755 1181 3805 uon?
1193 3751 1264 3807 οἸΙο

157 3819 315 3907 frigidam
336 3823 549 3903 repetitionem,
572 3822 638 3883 imo
663 3842 740 3885 vero
764 3846 892 3909 gravem
912 3820 1053 3905 ejusdcm
1075 3824 1143 3905 rei,
1167 3845 1265 3915 qnam

166 3903 263 3965 modo
279 3905 437 3988 tetigerat,
459 3906 706 3984 revocationem,
729 3929 831 3992 eoque
843 3910 930 3970 illam
939 3908 1117 3993 graviorem
1128 3960 1139 3991 ,
1149 3951 1152 3958 ·
1163 3904 1264 3995 quum

168 3986 281 4051 iisdem
300 3990 395 4052 etiam
413 3990 518 4051 verbis
530 3990 619 4056 liat..
640 3993 733 4053 Patet
746 4014 824 4054 vero
847 3995 960 4070 etiam,
973 3991 1265 4079 flmm'or'otionie

158 4072 371 4159 ..procedentia
396 4074 529 4140 minime
548 4074 727 4141 hie-verbio
748 4076 916 4161 impediri,
950 4098 1047 4170 quum
1065 4081 1226 4163 periodo·
1243 4104 1263 4145 a
