2634 4680
313 314 442 365 varran
466 313 675 363 nurourau
696 315 768 366 mn.
795 315 821 364 u
1028 291 1106 366 237

68 487 125 539 νος
145 456 444 546 καταλαμβάνοντος,
464 458 756 547 άποδενδρονμένιγν.
802 453 1198 546 &detrectaret-1246.

68 562 253 648 λων-άκριον
274 562 438 646 ἐξεφύοντο
461 561 566 641 αύταῖς
590 570 622 634 oi
637 564 761 641 κλάδοι,
783 565 835 627 καὶ
851 565 954 644 μεστοὶ
968 566 1003 642 ⁸)
1026 553 1107 644 ἦσαν

67 665 216 751 βοτρύων.
231 670 291 740 ,καὶ
304 665 364 749 μὴν
380 672 432 733 καλ
443 667 497 743 τάς
509 665 645 748 κεφαλάς
667 665 784 748 ἐκόμων
805 666 877 741 ἕλιξί
898 691 930 730 τε
951 668 1003 729 καὶ
1024 661 1108 745 φύλ-

68 777 150 846 λοις,
173 773 225 834 καὶ
237 765 373 852 βότρυσι.
395 767 622 850 προςελθόντας
633 772 664 834 δὲ
677 767 757 850 ἡμᾶς
768 763 939 850 ἠσπάζοντό
954 793 984 832 τε
996 761 1042 847 ¹¹)'
1054 769 1107 833 καὶ

68 858 255 947 ἐδεξιοῦντο,
276 876 310 936 αἱ
329 875 382 952 μὲν
402 872 521 937 Λύδιον
534 868 584 952 ἐ),
614 877 648 935 αλ
659 875 690 936 δὲ
700 867 839 949 Ἰνδικὴν
845 917 854 948 ,
879 874 913 938 αἱ
925 877 1061 934 πλεῖσται
1074 871 1106 934 δὲ

67 972 124 1054 τὴν
134 968 262 1038 Ἑλλάδα
277 973 387 1057 φωνὴν
402 976 585 1057 προϊέμεναι.
607 976 660 1037 καὶ
673 976 800 1055 ἐφίλουν
816 973 847 1036 δὲ
860 966 942 1052 ύμάς
957 981 1021 1045 τοῖς
1039 968 1107 1037 στότ

69 1095 180 1157 μασιν·
204 1071 221 1140 ό
239 1077 271 1140 δέ
283 1080 424 1158 φιληθεὶς
438 1073 544 1141 αύτίκα
559 1078 684 1158 ἐμέθυε,
707 1077 757 1139 καὶ
771 1069 951 1155 παράφορος
961 1063 1010 1154 ἦν.
1040 1074 1107 1156 δρέ-

67 1189 184 1243 πεσθαι
206 1183 308 1259 μέντοι
332 1171 369 1242 ού
390 1188 533 1261 παρεῖχον
554 1186 609 1242 τοῦ
628 1185 751 1262 καρποῦ
758 1227 767 1256 ,
799 1173 880 1240 άλλά.
895 1171 1026 1260 ἤλγουν,
1053 1177 1107 1241 καὶ
1210 1162 1218 1175 .

68 1275 184 1362 ἐβόαν,
207 1273 447 1360 άποσπωμένου·
469 1284 503 1344 αἱ
525 1282 556 1345 δὲ
571 1282 622 1345 καὶ
643 1284 808 1364 μίγνυσθαι
824 1276 897 1359 ’ἡμῖν
915 1274 1104 1359 ἐπεθύμουν.

65 1385 121 1447 καλ
133 1379 188 1457 δύο
202 1383 280 1458 τινὲς
295 1388 354 1445 τῶν
369 1383 496 1466 ἑταίρων
511 1381 729 1466 πλησιάσαντες
750 1379 854 1456 αύταῑς
861 1425 872 1457 ,
897 1376 952 1445 oria
966 1375 1015 1461 i'rfv
1025 1373 1140 1454 nine-p.
1149 1401 1199 1456 ῃι

66 1482 195 1563 λύοντο,
217 1478 284 1549 ἄλλ’
309 1487 342 1550 ἐκ
362 1493 424 1550 τοῖν
446 1489 572 1551 αἰδοίαν
588 1487 735 1551 ἐδέδεντο·
765 1481 955 1564 συνεφύοντο
970 1473 1009 1560 ¹¹)
1030 1479 1105 1565 γάρ,

65 1588 119 1652 καὶ
142 1590 381 1672 συνερριζοῦντο.
402 1589 463 1653 καὶ
484 1584 546 1668 ἤδη
569 1583 672 1662 αύτοῖς
691 1584 797 1652 κλάδοι
817 1583 1005 1667 ἐπεφύκεσαν
1021 1577 1052 1667 1)
1075 1586 1108 1648 οἱ

67 1683 229 1768 δάκτυλοι,
258 1693 310 1754 καλ
323 1701 388 1766 ταῖς
398 1691 468 1767 ἕλιξι
481 1686 746 1774 περιπλεκόμενοι,
770 1687 843 1754 όσον
854 1682 976 1755 υόδὲπω
990 1688 1040 1751 καὶ
1053 1678 1106 1749 αύ-

67 1792 116 1854 τοὶ
127 1788 377 1874 καρποφορήσειν
388 1794 530 1872 ἐμελλοιι.Ι
565 1789 786 1869 Καταλιπόντες
797 1783 826 1853 δ’
839 1795 882 1868 ¹³¹)
904 1784 1031 1863 αύτούς,
1056 1788 1105 1852 ἐπὶ
1122 1791 1145 1852 9
1173 1866 1175 1871 Ι

67 1899 147 1957 ναῦν
163 1890 332 1976 ἐφεύγομεν
344 1891 399 1976 ²¹),
421 1896 549 1967 καὶτοῖς
562 1885 777 1973 σἰπολειφθεῑσι
791 1886 979 1976 διηγούμεθα
995 1886 1107 1954 ἐλθόν-

103 2028 141 2094 g)
160 2024 302 2093 peurel]
323 2027 367 2077 Ita
381 2029 460 2095 Bipp.
474 2035 501 2080 et
520 2027 619 2093 Sciam,
658 2032 838 2078 reemonente
856 2025 968 2092 Belum,
981 2040 1003 2075 ¹e
1026 2039 1104 2093 2954.

141 2113 195 2163 pro
205 2096 279 2164 vulg.
295 2095 461 2164 peurel,pro
474 2113 529 2166 quo
542 2045 656 2164 pontof
658 2097 688 2148 iu
696 2098 727 2148 B.
736 2113 761 2164 3.
798 2095 836 2157 b.)
854 2097 909 2162 τε]
928 2094 1005 2163 quod
1018 2096 1105 2162 vulgo

139 2165 235 2228 abest,
253 2165 390 2217 insertum
406 2167 442 2218 ab
462 2167 562 2233 iisdem
580 2183 612 2217 ex
626 2165 687 2218 eod.
704 2165 789 2231 Cod.,
809 2182 865 2233 quo
885 2165 984 2216 eodem
1004 2163 1106 2215 ducere

140 2233 253 2284 videtur
264 2233 348 2286 lectio
360 2233 424 2289 τότε
436 2235 465 2286 in
480 2253 557 2303 3⁰11·
575 2245 635 2287 orta
649 2235 700 2287 illa
714 2253 745 2287 ex
760 2234 859 2287 ultima
871 2233 948 2286 verbi
964 2228 1106 2302 ἠσπάζον-

138 2321 171 2355 το
185 2302 294 2370 syllaba
309 2304 435 2372 repetita.
471 2304 500 2374 i)
518 2297 642 2371 Λύδιον]
661 2303 762 2373 „Nihil
778 2320 794 2353 a
810 2304 922 2372 vulgata
938 2303 1014 2354 abire
1025 2302 1048 2354 J.
1062 2302 1103 2354 I‘l.

139 2373 178 2442 Η.Ι
192 2381 220 2431 et
233 2373 264 2424 B.
281 2391 306 2424 2.
321 2382 402 2425 notat
420 2374 564 2430 Salanua.“
604 2375 642 2440 k)
662 2369 914 2442 συνεφύοντο]
934 2367 1104 2440 σννεφύσετο

139 2441 173 2495 Β.
190 2458 214 2508 3.
234 2442 369 2509 singulari
389 2460 492 2496 errore.
533 2445 564 2515 1)
583 2441 826 2513 ἐπεφύκεσαν]
848 2443 927 2494 Hanc
942 2459 1035 2494 veram
1048 2442 1108 2492 lec·

140 2511 248 2562 tionem
260 2513 544 2578 praebueruntCodd.
557 2532 636 2583 5⁰¹1·
649 2529 725 2583 2954.
740 2513 855 2565 Gorlet
869 2511 1010 2579 exemplar
1018 2510 1107 2563 Scho-

138 2578 237 2632 liastae
256 2581 291 2632 ad
309 2599 333 2633 c.
347 2600 373 2650 9.
387 2582 546 2652 recepitque
560 2584 634 2652 adeo·
647 2586 734 2634 Scdm.
756 2599 807 2650 pro
828 2581 903 2650 vulg.
922 2573 1009 2650 ἦσαν’,
1028 2578 1107 2648 quod

137 2665 189 2717 pro
205 2648 374 2718 glossemate
389 2660 431 2703 est
445 2652 614 2707 habendum.
648 2651 696 2720 m)
716 2645 767 2717 δ’]
788 2647 818 2706 δέ
832 2668 910 2719 5011.
946 2652 984 2719 n)
1002 2647 1016 2705 ἐ
1022 2645 1108 2718 φεύ-

70 2758 237 2840 Daphnen
255 2760 413 2844 pingunt,
437 2761 571 2843 Apolli·
612 2760 817 2824 vindemiare
840 2776 943 2822 tamen
962 2758 1002 2820 de
1015 2759 1107 2818 fruc-

71 2865 114 2905 ne
129 2849 190 2925 jam
205 2849 265 2926 jain
280 2846 570 2927 comprehendente
613 2863 649 2908 tu
661 2868 719 2906 suo
729 2869 797 2906 non
814 2845 1026 2928 praebebant,
1050 2839 1108 2902 sed

71 2930 107 2988 in
122 2930 263 2989 arborem
275 2946 436 2995 mutatam.
480 2932 570 2991 Sum·
611 2954 687 3013 prae
724 2931 834 2991 dolore
871 2928 1106 3001 exclamabant,

71 3011 135 3072 mis
167 3029 271 3074 autem
301 3015 412 3097 digitis
438 3037 569 3078 enasce·
608 3038 650 3078 eo
663 3015 820 3078 detracto.
865 3011 1028 3095 Quaedam
1052 3025 1109 3070 et·-

71 3096 189 3157 bantur
215 3098 280 3159 illis
309 3101 456 3180 palmites
480 3100 568 3181 pleni
611 3099 914 3161 iammiecerinobis
924 3094 1108 3178 cupiebant:

72 3202 216 3243 uvarum.
263 3185 378 3244 Verum
397 3185 501 3268 capita
518 3200 569 3246 et·
610 3208 649 3246 ac
685 3184 749 3244 duo
782 3183 913 3265 quidam
945 3181 1107 3241 sociorum

72 3265 137 3324 iam
150 3288 208 3347 pro
221 3289 309 3333 come
326 3270 497 3330 claviculas
513 3269 569 3331 ha.
612 3269 774 3352 congressi
788 3269 866 3340 illia,
891 3265 1025 3327 dissolvi
1040 3283 1108 3322 non

68 3347 204 3422 bebant,
241 3368 273 3414 et
302 3355 382 3414 folia
416 3371 448 3415 et
478 3378 567 3419 uvas.
610 3349 1109 3437 anpliuspotneredevinctigef

70 3433 239 3496 Caeterum
250 3437 437 3499 accedentes
448 3461 506 3500 nos
520 3461 567 3500 sa·
610 3440 774 3500 uitalibus.
810 3436 1008 3498 Coaluerunt
1023 3453 1110 3492 nem·

69 3518 217 3579 lutebant
231 3539 263 3582 et
278 3524 485 3603 prensabant,
510 3545 567 3584 vo·
611 3547 651 3606 pe
671 3526 754 3599 illis,
794 3535 825 3583 et
846 3521 923 3601 ipsis
936 3515 1109 3592 ¹radicibus

72 3623 139 3663 cem
163 3608 277 3685 partim
298 3607 457 3687 Lydiam,
488 3630 568 3689 pnr—
610 3608 762 3689 permixti
778 3620 873 3679 sunt:
896 3609 1024 3685 jamque
1040 3604 1110 3682 pnl-

69 3685 129 3746 tim
144 3688 300 3768 indicam,
323 3693 476 3752 Graecam
490 3714 566 3754 vero
610 3695 705 3753 mites
722 3693 762 3751 iia
780 3690 859 3753 faeti
880 3704 970 3749 erant
993 3685 1108 3768 digiti,

71 3776 244 3855 pleraeque
271 3779 462 3842 emittentes.
507 3776 569 3838 Sed
612 3792 644 3838 et
660 3776 826 3836 claviculis
852 3772 1002 3854 implexi,
1027 3775 1110 3852 jam-

70 3876 131 3915 nos
156 3861 252 3918 etiam
270 3861 514 3922 osculabantur:
536 3874 569 3921 at
610 3866 673 3943 jam
705 3861 847 3918 fructum
868 3874 900 3919 et
923 3856 987 3938 ipsi
1008 3855 1109 3917 laturi

71 3937 116 4014 it,
151 3961 244 4024 quem
270 3951 382 4007 osculo
404 3946 570 4029 contigis-
611 3943 813 4006 videbantur.
856 3942 1109 4002 Nosautemre·

71 4040 159 4103 sent,
182 4028 360 4090 inebriatus
381 4031 488 4090 statim
510 4031 569 4088 in-
609 4029 696 4090 lictis
717 4027 784 4088 illis
806 4026 847 4089 ad
861 4025 970 4087 navim
983 4026 1108 4107 fugere,

69 4124 159 4171 carto
203 4114 344 4196 vestigio
388 4114 566 4179 oberrabat.
610 4129 644 4176 et
671 4112 745 4192 bis,
786 4113 844 4197 qui
869 4122 1106 4184 remanserant,
